Account Name       :                	Mr. RITUPARNA  SHARMA
Address            :	SO PRASANNA KR SHARMA
                                    	VILL NABAPUR  PO BOKO
                                    	DIST KAMRUP RURAL  ASSAM-781123
                                    	Kamrup
Date               :                	11 Oct 2022
Account Number     :	_00000034889157492
Account Description:	SBCHQ-GEN-PUB-IND-RURAL-INR
Branch             :	BOKO
Drawing Power      :	0.00
Interest Rate(% p.a.):	2.7
MOD Balance      :	0.00
CIF No.          :	_88416702641
IFS (Indian Financial System) Code         :	SBIN0016942
MICR (Magnetic Ink Character Recognition)  Code        :	_781002536
Nomination Registered    :	Yes 
Balance on 1 Jan 2022        :	1,16,054.76
Start Date          :	1 Jan 2022
End Date            :	11 Oct 2022
Txn Date	Value Date	Description	Ref No./Cheque No.	        Debit	Credit	Balance	
1 Jan 2022	1 Jan 2022	   TO TRANSFER-UPI/DR/200178658944/RAJESH  /SBIN/7086828190/Payme--	TRANSFER TO 5099715162091	180.00	 	1,15,874.76
1 Jan 2022	1 Jan 2022	   TO TRANSFER-UPI/DR/200125154141/ACHYOT K/SBIN/7086639970/Payme--	TRANSFER TO 5098050162099	360.00	 	1,15,514.76
1 Jan 2022	1 Jan 2022	   TO TRANSFER-UPI/DR/200148031071/KERPHINR/SBIN/kerphinril/Payme--	TRANSFER TO 5098046162096	45.00	 	1,15,469.76
1 Jan 2022	1 Jan 2022	   TO TRANSFER-UPI/DR/200171918373/Jio Mobi/YESB/jio@yesban/Payme--	TRANSFER TO 5097980162090	239.00	 	1,15,230.76
2 Jan 2022	2 Jan 2022	   TO TRANSFER-UPI/DR/200249255985/RAJESH  /SBIN/7086828190/Payme--	TRANSFER TO 4694490162091	4,400.00	 	1,10,830.76
2 Jan 2022	2 Jan 2022	   TO TRANSFER-UPI/DR/200219616587/PRIYANKA/FDRL/7086788706/Payme--	TRANSFER TO 4898935162093	428.00	 	1,10,402.76
2 Jan 2022	2 Jan 2022	   TO TRANSFER-UPI/DR/200230237180/ACHYOT K/SBIN/7086639970/Payme--	TRANSFER TO 5099795162096	350.00	 	1,10,052.76
2 Jan 2022	2 Jan 2022	   TO TRANSFER-UPI/DR/200275004852/RAJESH  /SBIN/7086828190/Payme--	TRANSFER TO 4694469162099	3,570.00	 	1,06,482.76
2 Jan 2022	2 Jan 2022	   BY TRANSFER-UPI/CR/200267127914/ACHYOT K/SBIN/7086639970/Payme--	TRANSFER FROM 4899003162095	 	151.00	1,06,633.76
2 Jan 2022	2 Jan 2022	   BY TRANSFER-UPI/CR/200287582282/RAJESH  /SBIN/7086828190/Payme--	TRANSFER FROM 4693690162092	 	6,300.00	1,12,933.76
2 Jan 2022	2 Jan 2022	   BY TRANSFER-UPI/CR/200219287351/RAJESH  /SBIN/7086828190/Payme--	TRANSFER FROM 4693657162093	 	70.00	1,13,003.76
2 Jan 2022	2 Jan 2022	   BY TRANSFER-UPI/CR/200263271395/ACHYOT K/SBIN/7086639970/Payme--	TRANSFER FROM 4693706162099	 	71.00	1,13,074.76
2 Jan 2022	2 Jan 2022	   ATM WDL-ATM CASH 3367  CASH POINT GARCHUK    KAMRUP METROP--		7,500.00	 	1,05,574.76
2 Jan 2022	2 Jan 2022	   TO TRANSFER-UPI/DR/200221922326/PRIYANKA/FDRL/7086788706/Payme--	TRANSFER TO 4693760162094	400.00	 	1,05,174.76
3 Jan 2022	3 Jan 2022	   TO TRANSFER-UPI/DR/200322495902/PhonePe/YESB/EURONET@yb/Paymen--	TRANSFER TO 5097527162099	25.00	 	1,05,149.76
3 Jan 2022	3 Jan 2022	   TO TRANSFER-UPI/DR/200376842977/PhonePe/YESB/BILLDESKPP/Paymen--	TRANSFER TO 4692442162094	25.00	 	1,05,124.76
4 Jan 2022	4 Jan 2022	   TO TRANSFER-UPI/DR/200409055931/Mr JITUL/CBIN/jituld9@ok/Maiki--	TRANSFER TO 4693913162094	1,000.00	 	1,04,124.76
4 Jan 2022	4 Jan 2022	   TO TRANSFER-UPI/DR/200445078839/PRASANNA/SBIN/8472831677/Payme--	TRANSFER TO 4693867162094	2,000.00	 	1,02,124.76
6 Jan 2022	6 Jan 2022	   TO TRANSFER-UPI/DR/200618012319/PhonePe/YESB/BILLDESKPP/Paymen--	TRANSFER TO 5097805162093	61.00	 	1,02,063.76
6 Jan 2022	6 Jan 2022	   TO TRANSFER-UPI/DR/200641000327/Bharti A/YESB/AIRTELPRED/Payme--	TRANSFER TO 5097819162098	265.00	 	1,01,798.76
7 Jan 2022	7 Jan 2022	   TO TRANSFER-SBILT07012022210602318732-Demo--	TRANSFER TO 11736243027                           	1.00	 	1,01,797.76
7 Jan 2022	7 Jan 2022	   TO TRANSFER-SBILT07012022210736034476-Lic premium 1s--	TRANSFER TO 11736243027                           	20,000.00	 	81,797.76
8 Jan 2022	8 Jan 2022	   TO TRANSFER-SBILT08012022091508924389-Lic premium 2n--	TRANSFER TO 11736243027                           	20,000.00	 	61,797.76
8 Jan 2022	8 Jan 2022	   TO TRANSFER-SBILT08012022091608089136-Lic premium 3r--	TRANSFER TO 11736243027                           	10,000.00	 	51,797.76
8 Jan 2022	8 Jan 2022	   TO TRANSFER-UPI/DR/200882007282/SAMIRAN /SBIN/samiranbar/Payme--	TRANSFER TO 5098020162095	228.00	 	51,569.76
8 Jan 2022	8 Jan 2022	   TO TRANSFER-UPI/DR/200833754031/Internat/UTIB/gpay-11176/Payme--	TRANSFER TO 5097973162090	780.00	 	50,789.76
9 Jan 2022	9 Jan 2022	   TO TRANSFER-UPI/DR/200840994114/Spotify /HDFC/billdeskpg/SPOTI--	TRANSFER TO 5098103162093	25.00	 	50,764.76
9 Jan 2022	9 Jan 2022	   TO TRANSFER-UPI/DR/200929567965/SAMIRAN /SBIN/samiranbar/Payme--	TRANSFER TO 5099831162097	160.00	 	50,604.76
9 Jan 2022	9 Jan 2022	   TO TRANSFER-UPI/DR/200964701969/PhonePe/YESB/EURONET@yb/Paymen--	TRANSFER TO 4692660162095	129.00	 	50,475.76
9 Jan 2022	9 Jan 2022	   BY TRANSFER-UPI/CR/200920582107/SAMIRAN /SBIN/samiranbar/UPI--	TRANSFER FROM 5099312162099	 	128.00	50,603.76
10 Jan 2022	10 Jan 2022	   TO TRANSFER-UPI/DR/201012936916/Mr JITUL/CBIN/jituld9@ok/UPI--	TRANSFER TO 5099394162092	10,000.00	 	40,603.76
10 Jan 2022	10 Jan 2022	   BY TRANSFER-UPI/CR/201039279767/GOOGLEPAY/UTIB/goog-payme/Earn--	TRANSFER FROM 5098230162096	 	5.00	40,608.76
10 Jan 2022	10 Jan 2022	   TO TRANSFER-UPI/DR/201016124119/Mr PALLA/BDBL/8471955593/Payme--	TRANSFER TO 5099372162098	4,500.00	 	36,108.76
12 Jan 2022	12 Jan 2022	   TO TRANSFER-UPI/DR/201200337009/PhonePe/YESB/EURONET@yb/Paymen--	TRANSFER TO 4692511162097	61.00	 	36,047.76
15 Jan 2022	15 Jan 2022	   by debit card-OTHPG 201507129545LinkedIn              MUMBAI--		2.00	 	36,045.76
15 Jan 2022	15 Jan 2022	   TO TRANSFER-UPI/DR/201584699293/Mr MADAN/BDBL/jintukalit/Payme--	TRANSFER TO 5098027162099	550.00	 	35,495.76
15 Jan 2022	15 Jan 2022	   TO TRANSFER-UPI/DR/201538015946/PhonePe/YESB/EURONET@yb/Paymen--	TRANSFER TO 5098015162093	15.00	 	35,480.76
17 Jan 2022	17 Jan 2022	   TO TRANSFER-UPI/DR/201718510396/PhonePe/YESB/EURONET@yb/Paymen--	TRANSFER TO 5097523162093	15.00	 	35,465.76
17 Jan 2022	17 Jan 2022	   BY TRANSFER-UPI/CR/201720046995/DIPJYOTI/SBIN/dipjbasuma/UPI--	TRANSFER FROM 5098803162097	 	4,500.00	39,965.76
17 Jan 2022	17 Jan 2022	   TO TRANSFER-UPI/DR/201730192632/Jio Mobi/YESB/jio@yesban/Payme--	TRANSFER TO 5097509162090	61.00	 	39,904.76
20 Jan 2022	20 Jan 2022	   TO TRANSFER-UPI/DR/202041928732/DULAL DAS/IPOS/9859890559/Paym--	TRANSFER TO 5097864162094	80.00	 	39,824.76
20 Jan 2022	20 Jan 2022	   BULK POSTING-     00000016942 180122 LINKEDIN--		 	2.00	39,826.76
21 Jan 2022	21 Jan 2022	   TO TRANSFER-UPI/DR/202158799733/Jio Mobi/YESB/jio@yesban/Payme--	TRANSFER TO 5097874162092	61.00	 	39,765.76
23 Jan 2022	23 Jan 2022	   TO TRANSFER-UPI/DR/202332329994/Mr HEMAN/YESB/BHARATPE90/Payme--	TRANSFER TO 4692696162094	52.00	 	39,713.76
23 Jan 2022	23 Jan 2022	   TO TRANSFER-UPI/DR/202391434204/FARUK AH/ICIC/8011784123/Payme--	TRANSFER TO 4898918162094	400.00	 	39,313.76
23 Jan 2022	23 Jan 2022	   TO TRANSFER-UPI/DR/202326490108/Mr AMARD/IDIB/Q628545976/Payme--	TRANSFER TO 5098124162099	500.00	 	38,813.76
23 Jan 2022	23 Jan 2022	   BY TRANSFER-UPI/CR/202301404765/PROMOD S/PUNB/sharmapram/UPI--	TRANSFER FROM 5099272162091	 	170.00	38,983.76
23 Jan 2022	23 Jan 2022	   TO TRANSFER-UPI/DR/202389715131/JANARDAN/SBIN/Q624018134/Payme--	TRANSFER TO 4694424162091	300.00	 	38,683.76
24 Jan 2022	24 Jan 2022	   TO TRANSFER-UPI/DR/202451988034/PhonePe/YESB/EURONET@yb/Paymen--	TRANSFER TO 4692459162095	239.00	 	38,444.76
25 Jan 2022	25 Jan 2022	   TO TRANSFER-UPI/DR/202509800672/AMLAN BO/SBIN/aborbora50/UPI--	TRANSFER TO 4898816162099	1,000.00	 	37,444.76
25 Jan 2022	25 Jan 2022	   ATM WDL-ATM CASH 5708  BOKO 3RD CD           KAMRUP--		1,000.00	 	36,444.76
25 Jan 2022	25 Jan 2022	   TO TRANSFER-UPI/DR/202569822914/PhonePe/YESB/EURONET@yb/Paymen--	TRANSFER TO 5097613162092	15.00	 	36,429.76
26 Jan 2022	26 Jan 2022	   TO TRANSFER-UPI/DR/202617110738/Mr HEMAN/YESB/BHARATPE90/Payme--	TRANSFER TO 4898739162096	48.00	 	36,381.76
26 Jan 2022	26 Jan 2022	   TO TRANSFER-UPI/DR/202619633953/SAMIR  K/SBIN/bibhakalit/UPI--	TRANSFER TO 5097779162091	200.00	 	36,181.76
29 Jan 2022	29 Jan 2022	   TO TRANSFER-UPI/DR/202901260289/PhonePe/YESB/EURONET@yb/Paymen--	TRANSFER TO 4692631162090	1,199.00	 	34,982.76
29 Jan 2022	29 Jan 2022	   TO TRANSFER-UPI/DR/202903064349/RAJESH  /SBIN/7086828190/Payme--	TRANSFER TO 4694413162094	162.00	 	34,820.76
30 Jan 2022	30 Jan 2022	   TO TRANSFER-UPI/DR/203085298959/JOSEB  DAS/YESB/BHARATPE90/Pay--	TRANSFER TO 4692682162090	70.00	 	34,750.76
31 Jan 2022	31 Jan 2022	   BY TRANSFER-NEFT*CNRB0002771*P031220150758959*THARAVU TECHNOLO--	TRANSFER FROM 3199423044304	 	46,233.00	80,983.76
1 Feb 2022	1 Feb 2022	   by debit card-SBIPOS003751106301HILL VIEW WINE SHOP    KAMRUP--		1,500.00	 	79,483.76
1 Feb 2022	1 Feb 2022	   TO TRANSFER-UPI/DR/203273143198/PhonePe/YESB/EURONET@yb/Paymen--	TRANSFER TO 4692491162096	25.00	 	79,458.76
2 Feb 2022	2 Feb 2022	   TO TRANSFER-UPI/DR/203303466478/Zomato Ltd/PYTM/zomato-ord/Pay--	TRANSFER TO 5097732162095	117.00	 	79,341.76
3 Feb 2022	3 Feb 2022	   TO TRANSFER-UPI/DR/203450183990/Annapurn/UTIB/gpay-11188/Payme--	TRANSFER TO 4692548162094	78.00	 	79,263.76
3 Feb 2022	3 Feb 2022	   TO TRANSFER-UPI/DR/203443857594/PhonePe/YESB/EURONET@yb/Paymen--	TRANSFER TO 4692544162098	25.00	 	79,238.76
3 Feb 2022	3 Feb 2022	   TO TRANSFER-UPI/DR/203470217775/KFC/YESB/KFCDEVYANI/Payment--	TRANSFER TO 4692579162098	1,273.00	 	77,965.76
3 Feb 2022	3 Feb 2022	   by debit card-OTHPOS203411524316VASS WINE SHOP        KAMRUP MET--		270.00	 	77,695.76
3 Feb 2022	3 Feb 2022	   TO TRANSFER-UPI/DR/203478859018/JITUMANI/NESF/Q15358049@/Payme--	TRANSFER TO 5097849162092	80.00	 	77,615.76
3 Feb 2022	3 Feb 2022	   TO TRANSFER-UPI/DR/203404478405/PhonePe/YESB/EURONET@yb/Paymen--	TRANSFER TO 4692584162091	15.00	 	77,600.76
4 Feb 2022	4 Feb 2022	   TO TRANSFER-UPI/DR/203571489041/PhonePe/YESB/EURONET@yb/Paymen--	TRANSFER TO 4692585162090	25.00	 	77,575.76
4 Feb 2022	4 Feb 2022	   TO TRANSFER-UPI/DR/203515724309/Prashant/IDFB/prashanthm/UPI--	TRANSFER TO 4694203162092	150.00	 	77,425.76
4 Feb 2022	4 Feb 2022	   TO TRANSFER-UPI/DR/203516027949/AMLAN BO/SBIN/aborbora50/UPI--	TRANSFER TO 4897675162095	150.00	 	77,275.76
4 Feb 2022	4 Feb 2022	   TO TRANSFER-UPI/DR/203517841351/PRADIP DAS/UCBA/pd2471856@/UPI--	TRANSFER TO 5099692162093	241.00	 	77,034.76
4 Feb 2022	4 Feb 2022	   BY TRANSFER-UPI/CR/203572845067/AMLAN BO/SBIN/aborbora50/UPI--	TRANSFER FROM 5099165162094	 	241.00	77,275.76
5 Feb 2022	5 Feb 2022	   TO TRANSFER-UPI/DR/203673381338/Annapurn/UTIB/gpay-11188/Payme--	TRANSFER TO 4692646162093	60.00	 	77,215.76
5 Feb 2022	5 Feb 2022	   TO TRANSFER-UPI/DR/203601943646/PhonePe/YESB/EURONET@yb/Paymen--	TRANSFER TO 5097972162091	15.00	 	77,200.76
6 Feb 2022	6 Feb 2022	   ATM WDL-ATM CASH 2040  AZARA TINALI          GUWAHATI--		500.00	 	76,700.76
6 Feb 2022	6 Feb 2022	   BY TRANSFER-UPI/CR/203797022659/AMLAN BO/SBIN/aborbora50/dhdhd--	TRANSFER FROM 5098788162092	 	300.00	77,000.76
6 Feb 2022	6 Feb 2022	   TO TRANSFER-UPI/DR/203749205454/BIPLAB  /SBIN/biplab1279/Payme--	TRANSFER TO 4694433162090	80.00	 	76,920.76
6 Feb 2022	6 Feb 2022	   TO TRANSFER-UPI/DR/203733268024/JUTIKA  /SBIN/Q15705080@/Payme--	TRANSFER TO 4694434162099	70.00	 	76,850.76
6 Feb 2022	6 Feb 2022	   TO TRANSFER-UPI/DR/203779082546/PhonePe/YESB/EURONET@yb/Paymen--	TRANSFER TO 4692448162098	15.00	 	76,835.76
7 Feb 2022	7 Feb 2022	   TO TRANSFER-UPI/DR/203850176124/Mr PALLA/BDBL/8471955593/Payme--	TRANSFER TO 4693859162093	5,000.00	 	71,835.76
7 Feb 2022	7 Feb 2022	   TO TRANSFER-UPI/DR/203821309956/GITANJAL/NESF/gitanjalic/Bsnl--	TRANSFER TO 5097584162091	6,036.00	 	65,799.76
8 Feb 2022	8 Feb 2022	   TO TRANSFER-UPI/DR/203992795372/PRASANNA/SBIN/8472831677/Payme--	TRANSFER TO 5099460162097	2,000.00	 	63,799.76
9 Feb 2022	9 Feb 2022	   BY TRANSFER-UPI/CR/204073096790/Mr PALLA/BDBL/8471955593/Payme--	TRANSFER FROM 4899348162093	 	5,000.00	68,799.76
9 Feb 2022	9 Feb 2022	   TO TRANSFER-UPI/DR/204061247821/Jio Mobi/YESB/jio@yesban/Payme--	TRANSFER TO 5097720162098	15.00	 	68,784.76
9 Feb 2022	9 Feb 2022	   TO TRANSFER-UPI/DR/204014932005/Jio Mobi/YESB/jio@yesban/Payme--	TRANSFER TO 5097726162093	25.00	 	68,759.76
10 Feb 2022	10 Feb 2022	   TO TRANSFER-UPI/DR/204111845726/PhonePe/YESB/EURONET@yb/Paymen--	TRANSFER TO 4692544162098	15.00	 	68,744.76
12 Feb 2022	12 Feb 2022	   TO TRANSFER-UPI/DR/204357345935/PhonePe/YESB/EURONET@yb/Paymen--	TRANSFER TO 4898288162096	15.00	 	68,729.76
14 Feb 2022	14 Feb 2022	   TO TRANSFER-UPI/DR/204502836374/PhonePe/YESB/EURONET@yb/Paymen--	TRANSFER TO 5097603162093	15.00	 	68,714.76
15 Feb 2022	15 Feb 2022	   TO TRANSFER-UPI/DR/204618537558/Mr HEMAN/YESB/BHARATPE90/Payme--	TRANSFER TO 5097626162097	20.00	 	68,694.76
16 Feb 2022	16 Feb 2022	   ATM WDL-ATM CASH 1592  NABAPUR BOKO, NEAR BOKKAMRUP--		1,500.00	 	67,194.76
16 Feb 2022	16 Feb 2022	   TO TRANSFER-UPI/DR/204740009759/Bank Acc/HDFC/5010045729/Payme--	TRANSFER TO 4694038162099	600.00	 	66,594.76
16 Feb 2022	16 Feb 2022	   TO TRANSFER-UPI/DR/204766084441/Bank Acc/HDFC/5010045729/Payme--	TRANSFER TO 4694016162095	400.00	 	66,194.76
16 Feb 2022	16 Feb 2022	   TO TRANSFER-UPI/DR/204761714056/Bank Acc/HDFC/5010045729/Payme--	TRANSFER TO 4693988162096	500.00	 	65,694.76
17 Feb 2022	17 Feb 2022	   TO TRANSFER-UPI/DR/204860804041/PhonePe/YESB/EURONET@yb/Paymen--	TRANSFER TO 4692588162097	15.00	 	65,679.76
18 Feb 2022	18 Feb 2022	   BY TRANSFER-UPI/CR/204958112701/DIPANKAR/HDFC/8638796844/Paid--	TRANSFER FROM 5099111162097	 	900.00	66,579.76
18 Feb 2022	18 Feb 2022	   BY TRANSFER-UPI/CR/204916213732/Mr PALLA/BDBL/8471955593/Payme--	TRANSFER FROM 4693434162097	 	900.00	67,479.76
20 Feb 2022	20 Feb 2022	   TO TRANSFER-UPI/DR/205110619867/PRASANNA/SBIN/8472831677/Payme--	TRANSFER TO 5099827162093	200.00	 	67,279.76
21 Feb 2022	21 Feb 2022	   TO TRANSFER-UPI/DR/205259245831/Mr HEMAN/YESB/BHARATPE90/Payme--	TRANSFER TO 4692428162092	28.00	 	67,251.76
21 Feb 2022	21 Feb 2022	   TO TRANSFER-UPI/DR/205254759673/PRANJAL /BDBL/Q395938176/Payme--	TRANSFER TO 4693824162094	105.00	 	67,146.76
22 Feb 2022	22 Feb 2022	   TO TRANSFER-UPI/DR/205385242908/PhonePe/YESB/BILLDESKPP/Paymen--	TRANSFER TO 5097610162094	209.00	 	66,937.76
22 Feb 2022	22 Feb 2022	   TO TRANSFER-UPI/DR/205331533415/PhonePe/YESB/EURONET@yb/Paymen--	TRANSFER TO 5097640162098	15.00	 	66,922.76
24 Feb 2022	24 Feb 2022	   TO TRANSFER-UPI/DR/205508606732/Mr PALLA/BDBL/8471955593/Payme--	TRANSFER TO 5097858162091	1,500.00	 	65,422.76
28 Feb 2022	28 Feb 2022	   TO TRANSFER-UPI/DR/205910538175/RAJESH  /SBIN/rajeshsinh/UPI--	TRANSFER TO 4693799162090	162.00	 	65,260.76
28 Feb 2022	28 Feb 2022	   by debit card-SBIPOS003801811920HILLVIEW WINE SHOP     KAMRUP--		850.00	 	64,410.76
28 Feb 2022	28 Feb 2022	   TO TRANSFER-UPI/DR/205958041286/Kalita F/UTIB/gpay-11187/Payme--	TRANSFER TO 4692423162097	120.00	 	64,290.76
28 Feb 2022	28 Feb 2022	   TO TRANSFER-UPI/DR/205963962489/PhonePe/YESB/EURONET@yb/Paymen--	TRANSFER TO 4692443162093	15.00	 	64,275.76
28 Feb 2022	28 Feb 2022	   BY TRANSFER-NEFT*CNRB0002771*P059220155714846*THARAVU TECHNOLO--	TRANSFER FROM 3199678044303	 	46,233.00	1,10,508.76
1 Mar 2022	1 Mar 2022	   TO TRANSFER-UPI/DR/206022701322/Zomato Ltd/PYTM/zomato-ord/Pay--	TRANSFER TO 5097608162098	202.01	 	1,10,306.75
1 Mar 2022	1 Mar 2022	   TO TRANSFER-UPI/DR/206030703759/PhonePe/YESB/EURONET@yb/Paymen--	TRANSFER TO 5097632162099	25.00	 	1,10,281.75
2 Mar 2022	2 Mar 2022	   BY TRANSFER-UPI/CR/206156113122/ASHISH K/SBIN/7002339891/Payme--	TRANSFER FROM 4693267162096	 	13,000.00	1,23,281.75
2 Mar 2022	2 Mar 2022	   ATM WDL-ATM CASH 20611 DHARAPUR               KAMRUP METRO--		1,000.00	 	1,22,281.75
2 Mar 2022	2 Mar 2022	   TO TRANSFER-UPI/DR/206150533988/HRIDAY K/SBIN/9864695803/Payme--	TRANSFER TO 5099487162097	20,000.00	 	1,02,281.75
2 Mar 2022	2 Mar 2022	   TO TRANSFER-UPI/DR/206153045313/PhonePe/YESB/EURONET@yb/Paymen--	TRANSFER TO 5097700162091	15.00	 	1,02,266.75
2 Mar 2022	2 Mar 2022	   TO TRANSFER-UPI/DR/206145066170/Classic /UTIB/gpay-11199/Payme--	TRANSFER TO 5097709162093	160.00	 	1,02,106.75
2 Mar 2022	2 Mar 2022	   TO TRANSFER-UPI/DR/206185583453/Annapurn/UTIB/gpay-11188/Payme--	TRANSFER TO 4692505162094	30.00	 	1,02,076.75
3 Mar 2022	3 Mar 2022	   TO TRANSFER-UPI/DR/206226985665/JUTIKA  /YESB/BHARATPE90/Payme--	TRANSFER TO 4692566162093	120.00	 	1,01,956.75
3 Mar 2022	3 Mar 2022	   TO TRANSFER-UPI/DR/206253004061/JUTIKA  /YESB/BHARATPE90/Payme--	TRANSFER TO 4692572162095	35.00	 	1,01,921.75
3 Mar 2022	3 Mar 2022	   TO TRANSFER-UPI/DR/206290378206/Bidisha /UTIB/gpay-11187/Payme--	TRANSFER TO 4692555162095	90.00	 	1,01,831.75
3 Mar 2022	3 Mar 2022	   BY TRANSFER-UPI/CR/206294609710/LABANYA /BDBL/labanya.ra/UPI--	TRANSFER FROM 5099089162099	 	1,500.00	1,03,331.75
4 Mar 2022	4 Mar 2022	   TO TRANSFER-UPI/DR/206364103315/Decathlo/SBIN/decathlon./Payme--	TRANSFER TO 5097888162096	499.00	 	1,02,832.75
4 Mar 2022	4 Mar 2022	   TO TRANSFER-UPI/DR/206339112706/KALPAJYO/SBIN/8812947487/Payme--	TRANSFER TO 5097927162095	120.00	 	1,02,712.75
6 Mar 2022	6 Mar 2022	   TO TRANSFER-UPI/DR/206530280345/PRASANNA/SBIN/8472831677/Payme--	TRANSFER TO 4694505162099	2,000.00	 	1,00,712.75
7 Mar 2022	7 Mar 2022	   TO TRANSFER-UPI/DR/206614524985/LABANYA /BDBL/labanya.ra/UPI--	TRANSFER TO 4898799162095	2,500.00	 	98,212.75
8 Mar 2022	8 Mar 2022	   TO TRANSFER-UPI/DR/206732538548/Sonoka/UTIB/gpay-11199/Payment--	TRANSFER TO 5097633162098	100.00	 	98,112.75
8 Mar 2022	8 Mar 2022	   TO TRANSFER-UPI/DR/206707337682/PhonePe/YESB/EURONET@yb/Paymen--	TRANSFER TO 5097624162099	15.00	 	98,097.75
9 Mar 2022	9 Mar 2022	   TO TRANSFER-UPI/DR/206827724001/Mr MADAN/BDBL/jintukalit/Payme--	TRANSFER TO 5099552162093	15,000.00	 	83,097.75
9 Mar 2022	9 Mar 2022	   TO TRANSFER-UPI/DR/206857585010/Jio Mobi/YESB/jio@yesban/Payme--	TRANSFER TO 5097739162098	61.00	 	83,036.75
11 Mar 2022	11 Mar 2022	   TO TRANSFER-UPI/DR/207006190037/Mr SUNIL/CBIN/a3sunil@ok/Payme--	TRANSFER TO 5099634162092	220.00	 	82,816.75
11 Mar 2022	11 Mar 2022	   TO TRANSFER-UPI/DR/207018838795/Mr SUNIL/CBIN/a3sunil@ok/Payme--	TRANSFER TO 4898880162091	20.00	 	82,796.75
12 Mar 2022	12 Mar 2022	   TO TRANSFER-UPI/DR/207138538853/PhonePe/UTIB/EURONET@ax/Paymen--	TRANSFER TO 5098014162094	25.00	 	82,771.75
12 Mar 2022	12 Mar 2022	   TO TRANSFER-UPI/DR/207159074691/RICHARAN/SBIN/8135037576/Payme--	TRANSFER TO 5098022162094	5,500.00	 	77,271.75
12 Mar 2022	12 Mar 2022	   BY TRANSFER-INB IMPS207118032842/1111111111/XX6004/63ZMBWIMZO--	MAA000988256079          MAA000988256079          	 	14,999.00	92,270.75
12 Mar 2022	12 Mar 2022	   TO TRANSFER-UPI/DR/207176484454/PhonePe/YESB/EURONET@yb/Paymen--	TRANSFER TO 5097971162092	15.00	 	92,255.75
13 Mar 2022	13 Mar 2022	   DEBIT-ATMCard AMC  459156*9728--		147.50	 	92,108.25
14 Mar 2022	14 Mar 2022	   TO TRANSFER-UPI/DR/207332656791/Mr SUNIL/CBIN/a3sunil@ok/Payme--	TRANSFER TO 4897657162096	100.00	 	92,008.25
16 Mar 2022	16 Mar 2022	   ATM WDL-ATM CASH 9697  NABAPUR BOKO, NEAR BOKKAMRUP--		500.00	 	91,508.25
16 Mar 2022	16 Mar 2022	   BY TRANSFER-UPI/CR/207513624302/HRIDAY K/SBIN/9864695803/Payme--	TRANSFER FROM 5099003162099	 	21,000.00	1,12,508.25
16 Mar 2022	16 Mar 2022	   TO TRANSFER-UPI/DR/207581961423/PhonePe/YESB/EURONET@yb/Paymen--	TRANSFER TO 4692575162092	25.00	 	1,12,483.25
17 Mar 2022	17 Mar 2022	   TO TRANSFER-UPI/DR/207610594833/HIRANYA /PUNB/Q834428169/Payme--	TRANSFER TO 4694097162099	130.00	 	1,12,353.25
18 Mar 2022	18 Mar 2022	   TO TRANSFER-UPI/DR/207783102489/PhonePe/YESB/EURONET@yb/Paymen--	TRANSFER TO 4898748162095	25.00	 	1,12,328.25
19 Mar 2022	19 Mar 2022	   TO TRANSFER-UPI/DR/207826913071/PhonePe/YESB/BILLDESKPP/Paymen--	TRANSFER TO 4692666162090	15.00	 	1,12,313.25
20 Mar 2022	20 Mar 2022	   ATM WDL-ATM CASH 20791 MIN MARKET MIRZA CD2   KAMRUP--		1,500.00	 	1,10,813.25
20 Mar 2022	20 Mar 2022	   TO TRANSFER-UPI/DR/207913467991/Mr AMBIK/CBIN/ambikadeor/UPI--	TRANSFER TO 4694483162091	1,000.00	 	1,09,813.25
20 Mar 2022	20 Mar 2022	   TO TRANSFER-UPI/DR/207984458565/R Store/AIRP/o111141994/Paymen--	TRANSFER TO 4692674162090	50.00	 	1,09,763.25
20 Mar 2022	20 Mar 2022	   TO TRANSFER-UPI/DR/207921754259/RAJKIRAN/SBIN/rajkbharal/UPI--	TRANSFER TO 4694433162090	90.00	 	1,09,673.25
20 Mar 2022	20 Mar 2022	   TO TRANSFER-UPI/DR/207933825284/ABHIJIT /SBIN/dasabhijit/Payme--	TRANSFER TO 4694477162099	500.00	 	1,09,173.25
21 Mar 2022	21 Mar 2022	   TO TRANSFER-UPI/DR/208011867469/BIMAL  R/YESB/BHARATPE90/Payme--	TRANSFER TO 4898277162099	140.00	 	1,09,033.25
21 Mar 2022	21 Mar 2022	   TO TRANSFER-UPI/DR/208035151022/HRIDAY K/SBIN/9864695803/Payme--	TRANSFER TO 4898798162096	5,000.00	 	1,04,033.25
21 Mar 2022	21 Mar 2022	   TO TRANSFER-UPI/DR/208039490564/ANTARIKS/KKBK/antariksha/Payme--	TRANSFER TO 4898802162094	140.00	 	1,03,893.25
21 Mar 2022	21 Mar 2022	   TO TRANSFER-UPI/DR/208019416738/MAINUDUT/YESB/Q121493636/Payme--	TRANSFER TO 5097517162091	80.00	 	1,03,813.25
21 Mar 2022	21 Mar 2022	   BY TRANSFER-UPI/CR/208092128823/DIPANKAR/HDFC/8638796844/Payme--	TRANSFER FROM 4693062162098	 	2,500.00	1,06,313.25
22 Mar 2022	22 Mar 2022	   TO TRANSFER-UPI/DR/208163043380/Zomato Ltd/PYTM/zomato-ord/Zom--	TRANSFER TO 5097621162092	124.65	 	1,06,188.60
22 Mar 2022	22 Mar 2022	   TO TRANSFER-UPI/DR/208163511608/Mr MADAN/BDBL/8638924224/Payme--	TRANSFER TO 5097659162098	15,500.00	 	90,688.60
22 Mar 2022	22 Mar 2022	   by debit card-OTHPOS208115072806SMOOTH WINE           KAMRUP MET--		400.00	 	90,288.60
23 Mar 2022	23 Mar 2022	   TO TRANSFER-UPI/DR/208292538604/BIMAL  R/YESB/BHARATPE90/Verif--	TRANSFER TO 5097709162093	50.00	 	90,238.60
23 Mar 2022	23 Mar 2022	   BY TRANSFER-UPI/CR/208247742364/ANTARIKS/KKBK/antariksha/Payme--	TRANSFER FROM 4693275162096	 	400.00	90,638.60
23 Mar 2022	23 Mar 2022	   by debit card-OTHPOS208214089035SMOOTH WINE           KAMRUP MET--		400.00	 	90,238.60
23 Mar 2022	23 Mar 2022	   TO TRANSFER-UPI/DR/208207604585/HARISH  /SBIN/haloi.hari/Payme--	TRANSFER TO 5099500162093	60.00	 	90,178.60
23 Mar 2022	23 Mar 2022	   TO TRANSFER-UPI/DR/208262437645/MAINUDUT/YESB/Q121493636/Payme--	TRANSFER TO 5097704162098	110.00	 	90,068.60
23 Mar 2022	23 Mar 2022	   TO TRANSFER-UPI/DR/208218431761/Bharti A/YESB/AIRTELPRED/Payme--	TRANSFER TO 5097781162097	100.00	 	89,968.60
24 Mar 2022	24 Mar 2022	   TO TRANSFER-UPI/DR/208377162197/PhonePe/YESB/EURONET@yb/Paymen--	TRANSFER TO 4692551162099	241.00	 	89,727.60
24 Mar 2022	24 Mar 2022	   BY TRANSFER-UPI/CR/208343114178/ABHIJIT /HDFC/dasabhijit/UPI--	TRANSFER FROM 5099048162097	 	100.00	89,827.60
24 Mar 2022	24 Mar 2022	   by debit card-SBIPG WT1003202105APDCLPRE              MUMBAI--		400.00	 	89,427.60
24 Mar 2022	24 Mar 2022	   TO TRANSFER-UPI/DR/208357380821/HARISH  /SBIN/haloi.hari/Payme--	TRANSFER TO 4694135162099	60.00	 	89,367.60
24 Mar 2022	24 Mar 2022	   TO TRANSFER-UPI/DR/208319501244/ABHIJIT /SBIN/dasabhijit/Payme--	TRANSFER TO 4898867162099	275.00	 	89,092.60
24 Mar 2022	24 Mar 2022	   TO TRANSFER-UPI/DR/208350336842/MONO RAN/HDFC/Q229737292/Payme--	TRANSFER TO 5099627162091	120.00	 	88,972.60
25 Mar 2022	25 Mar 2022	   BY TRANSFER-UPI/CR/208463776586/HRIDAY K/SBIN/9864695803/Payme--	TRANSFER FROM 4693476162098	 	5,000.00	93,972.60
25 Mar 2022	25 Mar 2022	   TO TRANSFER-UPI/DR/208468835972/Karuna D/UTIB/gpay-11200/Payme--	TRANSFER TO 5097925162097	40.00	 	93,932.60
25 Mar 2022	25 Mar 2022	   TO TRANSFER-UPI/DR/208402977239/HARISH  /SBIN/haloi.hari/Payme--	TRANSFER TO 5099666162095	70.00	 	93,862.60
25 Mar 2022	25 Mar 2022	   TO TRANSFER-UPI/DR/208470069427/MAINUDUT/YESB/Q121493636/Payme--	TRANSFER TO 4692619162096	90.00	 	93,772.60
25 Mar 2022	25 Mar 2022	   TO TRANSFER-UPI/DR/208439726599/Tahir Ud/UTIB/gpay-11200/Payme--	TRANSFER TO 4692587162098	220.00	 	93,552.60
25 Mar 2022	25 Mar 2022	   CREDIT INTEREST---		 	488.00	94,040.60
26 Mar 2022	26 Mar 2022	   TO TRANSFER-UPI/DR/208533208781/ABHIJIT /SBIN/dasabhijit/Payme--	TRANSFER TO 5099718162098	30.00	 	94,010.60
26 Mar 2022	26 Mar 2022	   BY TRANSFER-UPI/CR/208508789285/ABHIJIT /SBIN/dasabhijit/UPI--	TRANSFER FROM 4899371162095	 	30.00	94,040.60
26 Mar 2022	26 Mar 2022	   TO TRANSFER-UPI/DR/208554325971/ABHIJIT /SBIN/dasabhijit/Payme--	TRANSFER TO 4694311162090	100.00	 	93,940.60
26 Mar 2022	26 Mar 2022	   BY TRANSFER-UPI/CR/208519597614/ABHIJIT /SBIN/dasabhijit/UPI--	TRANSFER FROM 5099235162095	 	100.00	94,040.60
26 Mar 2022	26 Mar 2022	   by debit card-OTHPOS208516507590MARUTI WINE SHOP      GUWAHATI--		780.00	 	93,260.60
26 Mar 2022	26 Mar 2022	   TO TRANSFER-UPI/DR/208552390464/PRAKASH /YESB/Q907020299/Payme--	TRANSFER TO 5097966162099	100.00	 	93,160.60
27 Mar 2022	27 Mar 2022	   TO TRANSFER-UPI/DR/208503273958/PRAKASH /YESB/Q946291945/Payme--	TRANSFER TO 5097983162098	88.00	 	93,072.60
27 Mar 2022	27 Mar 2022	   TO TRANSFER-UPI/DR/208662656955/MAINUDUT/YESB/Q121493636/Payme--	TRANSFER TO 4692669162097	90.00	 	92,982.60
27 Mar 2022	27 Mar 2022	   BY TRANSFER-UPI/CR/208689567537/ANTARIKS/KKBK/antariksha/UPI--	TRANSFER FROM 5099314162097	 	84.00	93,066.60
27 Mar 2022	27 Mar 2022	   TO TRANSFER-UPI/DR/208606933093/Disney H/YESB/HOTSTARONL/Colle--	TRANSFER TO 5098064162095	399.00	 	92,667.60
28 Mar 2022	28 Mar 2022	   TO TRANSFER-UPI/DR/208785044289/ANTARIKS/KKBK/antariksha/Payme--	TRANSFER TO 5099386162092	240.00	 	92,427.60
28 Mar 2022	28 Mar 2022	   TO TRANSFER-UPI/DR/208781161893/RUBUL  B/SBIN/Q857914743/Payme--	TRANSFER TO 4693852162090	90.00	 	92,337.60
28 Mar 2022	28 Mar 2022	   TO TRANSFER-UPI/DR/208792849758/Mr  RAST/YESB/BHARATPE90/Verif--	TRANSFER TO 4692427162093	200.00	 	92,137.60
28 Mar 2022	28 Mar 2022	   BY TRANSFER-UPI/CR/208755425659/RAJKIRAN/SBIN/8402805831/Payme--	TRANSFER FROM 4898937162091	 	600.00	92,737.60
28 Mar 2022	28 Mar 2022	   TO TRANSFER-UPI/DR/208731344920/ABHIJIT /SBIN/dasabhijit/Payme--	TRANSFER TO 5099340162094	100.00	 	92,637.60
28 Mar 2022	28 Mar 2022	   TO TRANSFER-UPI/DR/208786161426/L K Store/UTIB/gpay-11165/Paym--	TRANSFER TO 4692432162096	83.00	 	92,554.60
29 Mar 2022	29 Mar 2022	   TO TRANSFER-UPI/DR/208822552343/ASHRAB/YESB/Q958551525/Payment--	TRANSFER TO 4692474162097	14.00	 	92,540.60
29 Mar 2022	29 Mar 2022	   TO TRANSFER-UPI/DR/208847624123/ANTARIKS/KKBK/antariksha/Payme--	TRANSFER TO 5097671162093	80.00	 	92,460.60
29 Mar 2022	29 Mar 2022	   TO TRANSFER-UPI/DR/208852824225/DIVYA SW/UJVN/UPAY000379/Payme--	TRANSFER TO 4692498162099	145.00	 	92,315.60
30 Mar 2022	30 Mar 2022	   TO TRANSFER-UPI/DR/208946986620/ANTARIKS/KKBK/antariksha/Payme--	TRANSFER TO 5097757162096	470.00	 	91,845.60
30 Mar 2022	30 Mar 2022	   BY TRANSFER-UPI/CR/208939626922/Mr AMBIK/CBIN/ambikadeor/UPI--	TRANSFER FROM 5099007162095	 	1,000.00	92,845.60
30 Mar 2022	30 Mar 2022	   TO TRANSFER-UPI/DR/208900888988/PhonePe/YESB/EURONET@yb/Paymen--	TRANSFER TO 4692531162093	62.00	 	92,783.60
30 Mar 2022	30 Mar 2022	   TO TRANSFER-UPI/DR/208909109919/PhonePe/YESB/EURONET@yb/Paymen--	TRANSFER TO 5097722162097	15.00	 	92,768.60
31 Mar 2022	31 Mar 2022	   BY TRANSFER-NEFT*CNRB0002771*P090220161559809*THARAVU TECHNOLO--	TRANSFER FROM 3199958044305	 	44,983.00	1,37,751.60
31 Mar 2022	31 Mar 2022	   TO TRANSFER-UPI/DR/209089280080/PhonePe/YESB/EURONET@yb/Paymen--	TRANSFER TO 5097904162091	15.00	 	1,37,736.60
1 Apr 2022	1 Apr 2022	   by debit card---		2.00	 	1,37,734.60
1 Apr 2022	1 Apr 2022	   by debit card---		2.00	 	1,37,732.60
2 Apr 2022	2 Apr 2022	   TO TRANSFER-UPI/DR/209288409207/RAJESH  /SBIN/7086828190/Payme--	TRANSFER TO 4694340162094	223.00	 	1,37,509.60
2 Apr 2022	2 Apr 2022	   TO TRANSFER-UPI/DR/209357097154/PhonePe/YESB/EURONET@yb/Paymen--	TRANSFER TO 4692686162096	62.00	 	1,37,447.60
3 Apr 2022	3 Apr 2022	   TO TRANSFER-UPI/DR/209364575849/PRASANNA/SBIN/8472831677/Payme--	TRANSFER TO 4898926162094	2,000.00	 	1,35,447.60
3 Apr 2022	3 Apr 2022	   TO TRANSFER-UPI/DR/209346511705/PhonePe/YESB/EURONET@yb/Paymen--	TRANSFER TO 5098092162091	15.00	 	1,35,432.60
5 Apr 2022	5 Apr 2022	   TO TRANSFER-UPI/DR/209527250487/PhonePe/YESB/EURONET@yb/Paymen--	TRANSFER TO 4692530162093	15.00	 	1,35,417.60
6 Apr 2022	6 Apr 2022	   BULK POSTING-     00000016942 010422 AMAZON--		 	2.00	1,35,419.60
6 Apr 2022	6 Apr 2022	   BULK POSTING-     00000016942 010422 AMAZON--		 	2.00	1,35,421.60
6 Apr 2022	6 Apr 2022	   TO TRANSFER-UPI/DR/209687458733/ECOMEXPR/ICIC/Payphi.eco/Payme--	TRANSFER TO 4692516162092	694.00	 	1,34,727.60
7 Apr 2022	7 Apr 2022	   TO TRANSFER-UPI/DR/209701517914/DULAL  DAS/SBIN/Q810570995/Pay--	TRANSFER TO 4694090162095	70.00	 	1,34,657.60
7 Apr 2022	7 Apr 2022	   TO TRANSFER-UPI/DR/209718333331/PhonePe/YESB/BILLDESKPP/Paymen--	TRANSFER TO 5097786162092	62.00	 	1,34,595.60
7 Apr 2022	7 Apr 2022	   BY TRANSFER-UPI/CR/209726054775/PRIYANKA/FDRL/7086788706/Payme--	TRANSFER FROM 4897713162094	 	370.00	1,34,965.60
7 Apr 2022	7 Apr 2022	   BY TRANSFER-UPI/CR/209724253487/BIJOY  M/SBIN/7099645808/Payme--	TRANSFER FROM 4693390162093	 	370.00	1,35,335.60
7 Apr 2022	7 Apr 2022	   TO TRANSFER-UPI/DR/209720353920/Hotstar/UTIB/hotstar.rz/Hotsta--	TRANSFER TO 5097804162094	1,112.03	 	1,34,223.57
7 Apr 2022	7 Apr 2022	   BY TRANSFER-UPI/CR/209780559838/RAJESH  /SBIN/7086828190/Payme--	TRANSFER FROM 5099083162095	 	370.00	1,34,593.57
9 Apr 2022	9 Apr 2022	   BY TRANSFER-UPI/CR/209913157301/ANTARIKS/KKBK/antariksha/UPI--	TRANSFER FROM 5099187162098	 	470.00	1,35,063.57
9 Apr 2022	9 Apr 2022	   TO TRANSFER-UPI/DR/209909836771/SURAJIT /PUNB/surajitadh/Payme--	TRANSFER TO 5099771162094	30.00	 	1,35,033.57
9 Apr 2022	9 Apr 2022	   TO TRANSFER-UPI/DR/209968938106/PhonePe/YESB/EURONET@yb/Paymen--	TRANSFER TO 4692651162096	25.00	 	1,35,008.57
12 Apr 2022	12 Apr 2022	   TO TRANSFER-UPI/DR/210232742653/DULAL  DAS/SBIN/Q810570995/Pay--	TRANSFER TO 5097660162095	180.00	 	1,34,828.57
13 Apr 2022	13 Apr 2022	   TO TRANSFER-UPI/DR/210369969711/JOSEB  DAS/YESB/BHARATPE90/Ver--	TRANSFER TO 5097702162090	70.00	 	1,34,758.57
13 Apr 2022	13 Apr 2022	   TO TRANSFER-UPI/DR/210356961800/PhonePe/YESB/EURONET@yb/Paymen--	TRANSFER TO 4692539162095	15.00	 	1,34,743.57
14 Apr 2022	14 Apr 2022	   TO TRANSFER-UPI/DR/210405854660/PhonePe/YESB/EURONET@yb/Paymen--	TRANSFER TO 5097814162093	62.00	 	1,34,681.57
14 Apr 2022	14 Apr 2022	   TO TRANSFER-UPI/DR/210461302819/Jay Maa /UTIB/gpay-11193/Payme--	TRANSFER TO 4692554162096	100.00	 	1,34,581.57
15 Apr 2022	15 Apr 2022	   TO TRANSFER-UPI/DR/210514984605/Mr AMBIK/CBIN/ambikadeor/UPI--	TRANSFER TO 4694262162093	1,000.00	 	1,33,581.57
15 Apr 2022	15 Apr 2022	   TO TRANSFER-UPI/DR/210576427916/PRASANNA/SBIN/8472831677/Payme--	TRANSFER TO 5099674162095	1,000.00	 	1,32,581.57
15 Apr 2022	15 Apr 2022	   TO TRANSFER-UPI/DR/210581471490/HIMJYOTI/YESB/BHARATPE90/Verif--	TRANSFER TO 4692599162094	670.00	 	1,31,911.57
15 Apr 2022	15 Apr 2022	   by debit card-OTHPOS210514252570M/S SMOOTH WINE       GUWAHATI--		520.00	 	1,31,391.57
15 Apr 2022	15 Apr 2022	   TO TRANSFER-UPI/DR/210533022284/DEBAJIT /YESB/BHARATPE90/Pay t--	TRANSFER TO 5097906162099	30.00	 	1,31,361.57
15 Apr 2022	15 Apr 2022	   TO TRANSFER-UPI/DR/210500910602/SABBIR A/BARB/kajalsupre/Payme--	TRANSFER TO 5099767162090	100.00	 	1,31,261.57
16 Apr 2022	16 Apr 2022	   TO TRANSFER-UPI/DR/210661057371/Mr SARBE/YESB/Q605994589/Payme--	TRANSFER TO 4692625162098	140.00	 	1,31,121.57
16 Apr 2022	16 Apr 2022	   TO TRANSFER-UPI/DR/210600139290/Mr HUMAY/CBIN/kabirhumay/Payme--	TRANSFER TO 5098058162092	100.00	 	1,31,021.57
16 Apr 2022	16 Apr 2022	   TO TRANSFER-UPI/DR/210653142161/SHREE SH/YESB/Q508465643/Payme--	TRANSFER TO 4692655162092	1,049.00	 	1,29,972.57
16 Apr 2022	16 Apr 2022	   TO TRANSFER-UPI/DR/210684449728/L Gopal /UTIB/gpay-11176/Payme--	TRANSFER TO 4692649162090	80.00	 	1,29,892.57
16 Apr 2022	16 Apr 2022	   TO TRANSFER-UPI/DR/210635037537/ANTARIKS/KKBK/antariksha/Payme--	TRANSFER TO 4694365162097	350.00	 	1,29,542.57
17 Apr 2022	17 Apr 2022	   TO TRANSFER-UPI/DR/210719620063/HAARSH T/PYTM/paytmqr281/Payme--	TRANSFER TO 5098063162096	120.00	 	1,29,422.57
17 Apr 2022	17 Apr 2022	   TO TRANSFER-UPI/DR/210720738182/ANTARIKS/KKBK/antariksha/Payme--	TRANSFER TO 5099800162092	90.00	 	1,29,332.57
17 Apr 2022	17 Apr 2022	   TO TRANSFER-UPI/DR/210742869600/Mr BIKAS/CBIN/gilliechou/Payme--	TRANSFER TO 4694517162096	18.00	 	1,29,314.57
17 Apr 2022	17 Apr 2022	   TO TRANSFER-UPI/DR/210704553844/PhonePe/YESB/EURONET@yb/Paymen--	TRANSFER TO 4692688162094	25.00	 	1,29,289.57
18 Apr 2022	18 Apr 2022	   TO TRANSFER-UPI/DR/210806018985/Sunny Or/UTIB/gpay-11194/Payme--	TRANSFER TO 4692438162090	70.00	 	1,29,219.57
18 Apr 2022	18 Apr 2022	   TO TRANSFER-UPI/DR/210800234617/Swastic /UTIB/gpay-11193/Payme--	TRANSFER TO 4898728162099	55.00	 	1,29,164.57
18 Apr 2022	18 Apr 2022	   by debit card-OTHPOS210816006001SMOOTH WINE           KAMRUP MET--		200.00	 	1,28,964.57
18 Apr 2022	18 Apr 2022	   TO TRANSFER-UPI/DR/210851547381/BABUL BA/YESB/Q111439037/Payme--	TRANSFER TO 4692431162097	54.00	 	1,28,910.57
18 Apr 2022	18 Apr 2022	   TO TRANSFER-UPI/DR/210851683477/DEBADARS/UTIB/gpay-11194/Payme--	TRANSFER TO 4692447162099	60.00	 	1,28,850.57
19 Apr 2022	19 Apr 2022	   BY TRANSFER-UPI/CR/210909884871/Zomato Ltd/PYTM/zomato-ord/exp--	TRANSFER FROM 4898951162093	 	367.20	1,29,217.77
19 Apr 2022	19 Apr 2022	   TO TRANSFER-UPI/DR/210911612241/Zomato Ltd/PYTM/zomato-ord/Zom--	TRANSFER TO 5097644162095	367.20	 	1,28,850.57
19 Apr 2022	19 Apr 2022	   TO TRANSFER-UPI/DR/210977512663/Zomato/HDFC/zomato@hdf/ZomatoO--	TRANSFER TO 5097629162094	132.00	 	1,28,718.57
19 Apr 2022	19 Apr 2022	   TO TRANSFER-UPI/DR/210969104078/MAINUDUT/YESB/Q121493636/Payme--	TRANSFER TO 5097617162098	130.00	 	1,28,588.57
19 Apr 2022	19 Apr 2022	   TO TRANSFER-UPI/DR/210968064675/DIVYA SW/UJVN/UPAY000379/Payme--	TRANSFER TO 4692485162094	50.00	 	1,28,538.57
19 Apr 2022	19 Apr 2022	   by debit card-OTHPOS210914012017M/S SMOOTH WINE       GUWAHATI--		495.00	 	1,28,043.57
19 Apr 2022	19 Apr 2022	   TO TRANSFER-UPI/DR/210933917075/ASHRAB/YESB/Q958551525/Payment--	TRANSFER TO 4692496162091	140.00	 	1,27,903.57
20 Apr 2022	20 Apr 2022	   TO TRANSFER-UPI/DR/211060376772/ABHIJIT /SBIN/dasabhijit/Payme--	TRANSFER TO 4693989162095	100.00	 	1,27,803.57
20 Apr 2022	20 Apr 2022	   by debit card-SBIPOS003901542076REL RETAIL LTD-TR      GUWAHATI--		393.50	 	1,27,410.07
20 Apr 2022	20 Apr 2022	   TO TRANSFER-UPI/DR/211061254315/PRAKASH /YESB/Q946291945/Payme--	TRANSFER TO 4692529162097	80.00	 	1,27,330.07
20 Apr 2022	20 Apr 2022	   TO TRANSFER-UPI/DR/211063876018/PhonePe/YESB/EURONET@yb/Paymen--	TRANSFER TO 4898739162096	15.00	 	1,27,315.07
20 Apr 2022	20 Apr 2022	   TO TRANSFER-UPI/DR/211071038188/ABHIJIT /SBIN/dasabhijit/Payme--	TRANSFER TO 5097756162097	456.00	 	1,26,859.07
21 Apr 2022	21 Apr 2022	   BY TRANSFER-UPI/CR/211113150229/ABHIJIT /SBIN/dasabhijit/UPI--	TRANSFER FROM 4693349162094	 	80.00	1,26,939.07
21 Apr 2022	21 Apr 2022	   TO TRANSFER-UPI/DR/211153633711/Sunny Or/UTIB/gpay-11194/Payme--	TRANSFER TO 5097785162093	20.00	 	1,26,919.07
21 Apr 2022	21 Apr 2022	   TO TRANSFER-UPI/DR/211124446227/Kalita B/SBIN/8822233228/Payme--	TRANSFER TO 5097812162095	250.00	 	1,26,669.07
21 Apr 2022	21 Apr 2022	   BY TRANSFER-UPI/CR/211100408148/KAUSTAVJ/PUNB/9613397381/Payme--	TRANSFER FROM 4693395162099	 	80.00	1,26,749.07
21 Apr 2022	21 Apr 2022	   TO TRANSFER-UPI/DR/211137416770/PhonePe/YESB/EURONET@yb/Paymen--	TRANSFER TO 5097831162092	251.00	 	1,26,498.07
21 Apr 2022	21 Apr 2022	   TO TRANSFER-UPI/DR/211145927037/DEBAJIT /ICIC/DEBAJITDAS/Payme--	TRANSFER TO 5097782162096	60.00	 	1,26,438.07
21 Apr 2022	21 Apr 2022	   TO TRANSFER-UPI/DR/211135331425/DEBAJIT /ICIC/DEBAJITDAS/Payme--	TRANSFER TO 4692572162095	100.00	 	1,26,338.07
21 Apr 2022	21 Apr 2022	   BY TRANSFER-UPI/CR/211161545307/Mr AMBIK/CBIN/ambikadeor/UPI--	TRANSFER FROM 4693385162091	 	1,000.00	1,27,338.07
22 Apr 2022	22 Apr 2022	   TO TRANSFER-UPI/DR/211282477145/DIVYA SW/UJVN/UPAY000379/Payme--	TRANSFER TO 4692587162098	205.00	 	1,27,133.07
22 Apr 2022	22 Apr 2022	   TO TRANSFER-UPI/DR/211227306510/Hiren St/UTIB/gpay-11194/Payme--	TRANSFER TO 5097879162097	66.00	 	1,27,067.07
22 Apr 2022	22 Apr 2022	   TO TRANSFER-UPI/DR/211251102001/Karuna D/UTIB/gpay-11200/Payme--	TRANSFER TO 5097909162096	50.00	 	1,27,017.07
22 Apr 2022	22 Apr 2022	   TO TRANSFER-UPI/DR/211239781737/PINKAL  /SBIN/7086701108/Payme--	TRANSFER TO 4694285162096	520.00	 	1,26,497.07
22 Apr 2022	22 Apr 2022	   BY TRANSFER-UPI/CR/211227996262/ANTARIKS/KKBK/antariksha/Payme--	TRANSFER FROM 4693481162091	 	145.00	1,26,642.07
22 Apr 2022	22 Apr 2022	   TO TRANSFER-UPI/DR/211207063926/Sneha St/UTIB/gpay-11200/Payme--	TRANSFER TO 4692581162094	60.00	 	1,26,582.07
23 Apr 2022	23 Apr 2022	   TO TRANSFER-UPI/DR/211331797101/ANTARIKS/KKBK/antariksha/Payme--	TRANSFER TO 5099755162093	165.00	 	1,26,417.07
23 Apr 2022	23 Apr 2022	   TO TRANSFER-UPI/DR/211300899932/L K Store/UTIB/gpay-11203/Paym--	TRANSFER TO 5097998162091	70.00	 	1,26,347.07
23 Apr 2022	23 Apr 2022	   TO TRANSFER-UPI/DR/211361473536/Mr MD MI/CBIN/Q876154076/Payme--	TRANSFER TO 5098048162094	72.00	 	1,26,275.07
24 Apr 2022	24 Apr 2022	   TO TRANSFER-UPI/DR/211471285518/Kiron Fu/PYTM/paytm-4604/Payme--	TRANSFER TO 5098097162096	150.00	 	1,26,125.07
24 Apr 2022	24 Apr 2022	   TO TRANSFER-UPI/DR/211474748937/MOHAMMED/SBIN/rafiksolan/Payme--	TRANSFER TO 5099818162094	1,050.00	 	1,25,075.07
24 Apr 2022	24 Apr 2022	   TO TRANSFER-UPI/DR/211481023915/L K Store/UTIB/gpay-11203/Paym--	TRANSFER TO 5098097162096	373.00	 	1,24,702.07
24 Apr 2022	24 Apr 2022	   TO TRANSFER-UPI/DR/211421418659/L K Store/UTIB/gpay-11203/Paym--	TRANSFER TO 5098071162096	110.00	 	1,24,592.07
25 Apr 2022	25 Apr 2022	   BY TRANSFER-UPI/CR/211542471432/ANTARIKS/KKBK/antariksha/Thank--	TRANSFER FROM 4693073162095	 	1,600.00	1,26,192.07
25 Apr 2022	25 Apr 2022	   TO TRANSFER-UPI/DR/211514455819/ABHIJIT /HDFC/dasabhijit/UPI--	TRANSFER TO 4693801162090	100.00	 	1,26,092.07
25 Apr 2022	25 Apr 2022	   by debit card-OTHPOS211515253237SMOOTH WINE           KAMRUP MET--		390.00	 	1,25,702.07
25 Apr 2022	25 Apr 2022	   BY TRANSFER-UPI/CR/211522510253/ABHIJIT /SBIN/dasabhijit/UPI--	TRANSFER FROM 4899330162092	 	270.00	1,25,972.07
26 Apr 2022	26 Apr 2022	   by debit card-SBIPOS003911646002SHAH EASTERN TRADERS   KAMRUP--		100.00	 	1,25,872.07
26 Apr 2022	26 Apr 2022	   TO TRANSFER-UPI/DR/211631182695/ANTARIKS/KKBK/antariksha/Payme--	TRANSFER TO 4693887162090	420.00	 	1,25,452.07
27 Apr 2022	27 Apr 2022	   TO TRANSFER-UPI/DR/211724016238/RAJKIRAN/SBIN/8402805831/Payme--	TRANSFER TO 4694011162090	4,000.00	 	1,21,452.07
27 Apr 2022	27 Apr 2022	   TO TRANSFER-UPI/DR/211791462311/ANTARIKS/KKBK/antariksha/Payme--	TRANSFER TO 4693995162097	200.00	 	1,21,252.07
27 Apr 2022	27 Apr 2022	   TO TRANSFER-INB IMPS/P2A/211717880690/XXXXXXX863PUNB--	IMPS00200489737MOAGDEYQR2               TRANSFER T	67,049.00	 	54,203.07
27 Apr 2022	27 Apr 2022	   TO TRANSFER-UPI/DR/211771257407/LOVELY J/HDFC/Q597459095/Payme--	TRANSFER TO 4694059162094	250.00	 	53,953.07
27 Apr 2022	27 Apr 2022	   TO TRANSFER-UPI/DR/211720836568/INDU KAL/HDFC/ikdeka121@/Payme--	TRANSFER TO 5099498162094	210.00	 	53,743.07
27 Apr 2022	27 Apr 2022	   TO TRANSFER-UPI/DR/211792200813/ANTARIKS/KKBK/antariksha/Payme--	TRANSFER TO 5099514162099	320.00	 	53,423.07
28 Apr 2022	28 Apr 2022	   TO TRANSFER-UPI/DR/211821326692/MAINUDUT/YESB/Q707218691/Payme--	TRANSFER TO 5097790162095	100.00	 	53,323.07
28 Apr 2022	28 Apr 2022	   TO TRANSFER-UPI/DR/211851591316/RAJKIRAN/SBIN/8402805831/Payme--	TRANSFER TO 4898868162098	6,000.00	 	47,323.07
28 Apr 2022	28 Apr 2022	   BY TRANSFER-UPI/CR/211889597583/RAJKIRAN/SBIN/8402805831/Payme--	TRANSFER FROM 5099031162096	 	270.00	47,593.07
28 Apr 2022	28 Apr 2022	   by debit card-OTHPOS211814039036SMOOTH WINE           KAMRUP MET--		520.00	 	47,073.07
28 Apr 2022	28 Apr 2022	   ATM WDL-ATM CASH 21181 OPPOSITE IRRIGATION OFFGUWAHATI--		1,000.00	 	46,073.07
28 Apr 2022	28 Apr 2022	   TO TRANSFER-UPI/DR/211804156126/L Gopal /UTIB/gpay-11200/Payme--	TRANSFER TO 5097825162090	105.00	 	45,968.07
28 Apr 2022	28 Apr 2022	   TO TRANSFER-UPI/DR/211877912622/PhonePe/YESB/EURONET@yb/Paymen--	TRANSFER TO 4692576162091	15.00	 	45,953.07
29 Apr 2022	29 Apr 2022	   TO TRANSFER-UPI/DR/211980895214/Rapido/ICIC/rapido.rzp/ROPPENT--	TRANSFER TO 4692592162091	271.00	 	45,682.07
29 Apr 2022	29 Apr 2022	   BY TRANSFER-NEFT*CNRB0002771*P119220166629941*THARAVU TECHNOLO--	TRANSFER FROM 3199963044309	 	46,233.00	91,915.07
29 Apr 2022	29 Apr 2022	   TO TRANSFER-UPI/DR/211918306415/PhonePe/YESB/EURONET@yb/Paymen--	TRANSFER TO 4692605162091	15.00	 	91,900.07
30 Apr 2022	30 Apr 2022	   TO TRANSFER-UPI/DR/212087525137/ANTARIKS/KKBK/antariksha/Payme--	TRANSFER TO 4898897162093	250.00	 	91,650.07
30 Apr 2022	30 Apr 2022	   TO TRANSFER-UPI/DR/212008201563/PhonePe/YESB/EURONET@yb/Paymen--	TRANSFER TO 5098006162093	62.00	 	91,588.07
1 May 2022	1 May 2022	   TO TRANSFER-UPI/DR/212126592492/DIPANKAR/HDFC/8638796844/Payme--	TRANSFER TO 4898917162095	5,000.00	 	86,588.07

**This is a computer generated statement and does not require a signature

