Account Name       :                	Mr. RITUPARNA  SHARMA
Address            :	SO PRASANNA KR SHARMA
                                    	VILL NABAPUR  PO BOKO
                                    	DIST KAMRUP RURAL  ASSAM-781123
                                    	Kamrup
Date               :                	11 Oct 2022
Account Number     :	_00000034889157492
Account Description:	SBCHQ-GEN-PUB-IND-RURAL-INR
Branch             :	BOKO
Drawing Power      :	0.00
Interest Rate(% p.a.):	2.7
MOD Balance      :	0.00
CIF No.          :	_88416702641
IFS (Indian Financial System) Code         :	SBIN0016942
MICR (Magnetic Ink Character Recognition)  Code        :	_781002536
Nomination Registered    :	Yes 
Balance on 1 Apr 2021        :	114.99
Start Date          :	1 Apr 2021
End Date            :	31 Mar 2022
Txn Date	Value Date	Description	Ref No./Cheque No.	        Debit	Credit	Balance	
1 Apr 2021	1 Apr 2021	   BY TRANSFER-NEFT*CNRB0002771*P091210100746131*THARAVU TECHNOLO--	TRANSFER FROM 3199421044306	 	15,000.00	15,114.99
1 Apr 2021	1 Apr 2021	   TO TRANSFER-UPI/DR/109102863652/RICHARAN/SBIN/8135037576/Payme--	TRANSFER TO 5099607162094	1,000.00	 	14,114.99
1 Apr 2021	1 Apr 2021	   TO TRANSFER-UPI/DR/109158117966/RICHARAN/SBIN/8135037576/Payme--	TRANSFER TO 5099582162098	1,000.00	 	13,114.99
2 Apr 2021	2 Apr 2021	   BY TRANSFER-NEFT*IBKL0000136*ICMS2104020025U2*LIC ACCOUNT  VII--	TRANSFER FROM 3199681044308	 	1,80,775.00	1,93,889.99
2 Apr 2021	2 Apr 2021	   TO TRANSFER-UPI/DR/109255878113/BharatPe/YESB/BHARATPE90/Payme--	TRANSFER TO 5097874162092	30.00	 	1,93,859.99
2 Apr 2021	2 Apr 2021	   TO TRANSFER-UPI/DR/109202728598/Have More/UTIB/gpay-11174/Paym--	TRANSFER TO 5097877162099	235.00	 	1,93,624.99
2 Apr 2021	2 Apr 2021	   TO TRANSFER-UPI/DR/109218020333/Mr MD AK/MAHB/Q11861508@/Payme--	TRANSFER TO 5099683162094	500.00	 	1,93,124.99
2 Apr 2021	2 Apr 2021	   TO TRANSFER-UPI/DR/109284816274/SUBHRANI/CNRB/8486573055/Payme--	TRANSFER TO 5099700162096	2.00	 	1,93,122.99
3 Apr 2021	3 Apr 2021	   TO TRANSFER-UPI/DR/109314355404/PRANAB B/UTIB/pb209294@o/UPI--	TRANSFER TO 5098046162096	100.00	 	1,93,022.99
4 Apr 2021	4 Apr 2021	   TO TRANSFER-UPI/DR/109412244714/PRIYANKA/PUNB/prikospy@o/UPI--	TRANSFER TO 4898928162092	1.00	 	1,93,021.99
4 Apr 2021	4 Apr 2021	   TO TRANSFER-UPI/DR/109412249646/PRIYANKA/PUNB/prikospy@o/UPI--	TRANSFER TO 5098130162090	2,500.00	 	1,90,521.99
4 Apr 2021	4 Apr 2021	   TO TRANSFER-UPI/DR/109414126991/SADANAND/HDFC/SADANANDAS/Payme--	TRANSFER TO 5098085162090	93.00	 	1,90,428.99
4 Apr 2021	4 Apr 2021	   TO TRANSFER-UPI/DR/109413381483/ABHIJIT /SBIN/dasabhijit/UPI--	TRANSFER TO 5099841162095	150.00	 	1,90,278.99
4 Apr 2021	4 Apr 2021	   TO TRANSFER-UPI/DR/109462313078/Miss MAN/CBIN/Q23549413@/Payme--	TRANSFER TO 5098151162096	100.00	 	1,90,178.99
4 Apr 2021	4 Apr 2021	   TO TRANSFER-UPI/DR/109403041844/SADANAND/HDFC/SADANANDAS/Payme--	TRANSFER TO 5098088162097	70.00	 	1,90,108.99
5 Apr 2021	5 Apr 2021	   TO TRANSFER-UPI/DR/109578647601/ANTARIKS/DBSS/antariksha/Payme--	TRANSFER TO 4898807162099	1,350.00	 	1,88,758.99
5 Apr 2021	5 Apr 2021	   TO TRANSFER-UPI/DR/109591345828/Have More/UTIB/gpay-11174/Paym--	TRANSFER TO 5097505162094	120.00	 	1,88,638.99
5 Apr 2021	5 Apr 2021	   TO TRANSFER-UPI/DR/109502935793/SHIVASIS/SBIN/7086300296/Payme--	TRANSFER TO 5099347162098	500.00	 	1,88,138.99
5 Apr 2021	5 Apr 2021	   TO TRANSFER-UPI/DR/109565319273/ANTARIKS/DBSS/antariksha/Payme--	TRANSFER TO 5097569162090	200.00	 	1,87,938.99
5 Apr 2021	5 Apr 2021	   TO TRANSFER-UPI/DR/109576075065/SUN N SH/SBIN/Q07427755@/Lapto--	TRANSFER TO 5099393162093	1,400.00	 	1,86,538.99
5 Apr 2021	5 Apr 2021	   TO TRANSFER-UPI/DR/109552269880/ASHISH K/SBIN/7002339891/Payme--	TRANSFER TO 5097569162090	290.00	 	1,86,248.99
5 Apr 2021	5 Apr 2021	   TO TRANSFER-UPI/DR/109581807532/PhonePe/YESB/BILLDESKPP/Paymen--	TRANSFER TO 5097529162097	199.00	 	1,86,049.99
6 Apr 2021	6 Apr 2021	   BY TRANSFER-UPI/CR/109610900144/GOOGLEPAY/UTIB/goog-payme/UPI--	TRANSFER FROM 5098333162091	 	5.00	1,86,054.99
6 Apr 2021	6 Apr 2021	   TO TRANSFER-UPI/DR/109625212803/ANJALI  /INDB/BHARATPE.0/Payme--	TRANSFER TO 5097641162098	100.00	 	1,85,954.99
6 Apr 2021	6 Apr 2021	   TO TRANSFER-UPI/DR/109667540333/ANJALI  /INDB/BHARATPE.0/Payme--	TRANSFER TO 5097641162098	10.00	 	1,85,944.99
6 Apr 2021	6 Apr 2021	   TO TRANSFER-UPI/DR/109651070590/BIKASH J/CNRB/6901117759/Payme--	TRANSFER TO 5099446162095	680.00	 	1,85,264.99
6 Apr 2021	6 Apr 2021	   TO TRANSFER-UPI/DR/109678579818/Maa Mana/UTIB/gpay-11174/Payme--	TRANSFER TO 5097594162099	48.00	 	1,85,216.99
6 Apr 2021	6 Apr 2021	   TO TRANSFER-UPI/DR/109628288697/ASHISH K/SBIN/7002339891/Payme--	TRANSFER TO 5099453162096	100.00	 	1,85,116.99
6 Apr 2021	6 Apr 2021	   TO TRANSFER-UPI/DR/109611317780/ARIFUR  /SBIN/7002448710/Payme--	TRANSFER TO 5099409162099	1,000.00	 	1,84,116.99
7 Apr 2021	7 Apr 2021	   TO TRANSFER-UPI/DR/109705402542/ASHISH K/SBIN/7002339891/Payme--	TRANSFER TO 5097770162099	1,500.00	 	1,82,616.99
8 Apr 2021	8 Apr 2021	   TO TRANSFER-UPI/DR/109800204584/PRASANNA/SBIN/8472831677/Payme--	TRANSFER TO 5099571162091	20,000.00	 	1,62,616.99
8 Apr 2021	8 Apr 2021	   BY TRANSFER-UPI/CR/109820775009/SHIVASIS/SBIN/7086300296/Payme--	TRANSFER FROM 5099054162099	 	500.00	1,63,116.99
9 Apr 2021	9 Apr 2021	   TO TRANSFER-UPI/DR/109968428245/ASHISH K/SBIN/7002339891/Payme--	TRANSFER TO 5099665162096	2,500.00	 	1,60,616.99
9 Apr 2021	9 Apr 2021	   TO TRANSFER-UPI/DR/109984517363/Decathlo/SBIN/decathlon./Payme--	TRANSFER TO 5097889162095	1,798.00	 	1,58,818.99
9 Apr 2021	9 Apr 2021	   TO TRANSFER-UPI/DR/109967159653/PRASANNA/SBIN/8472831677/Payme--	TRANSFER TO 5099697162098	20,000.00	 	1,38,818.99
10 Apr 2021	10 Apr 2021	   TO TRANSFER-UPI/DR/110085269616/ASHISH K/SBIN/7002339891/Payme--	TRANSFER TO 5099755162093	130.00	 	1,38,688.99
10 Apr 2021	10 Apr 2021	   TO TRANSFER-UPI/DR/110000639448/PRASANNA/SBIN/8472831677/Payme--	TRANSFER TO 5099718162098	20,000.00	 	1,18,688.99
10 Apr 2021	10 Apr 2021	   TO TRANSFER-UPI/DR/110004432858/FARUK AH/ICIC/8011784123/Payme--	TRANSFER TO 5099719162097	2,000.00	 	1,16,688.99
10 Apr 2021	10 Apr 2021	   TO TRANSFER-UPI/DR/110040748648/PhonePe/YESB/EURONET@yb/Paymen--	TRANSFER TO 5098007162092	199.00	 	1,16,489.99
10 Apr 2021	10 Apr 2021	   TO TRANSFER-UPI/DR/110006609820/PhonePe/YESB/EURONET@yb/Paymen--	TRANSFER TO 5097966162099	11.00	 	1,16,478.99
11 Apr 2021	11 Apr 2021	   TO TRANSFER-UPI/DR/110103247732/FARUK AH/ICIC/8011784123/Payme--	TRANSFER TO 4898922162098	1,000.00	 	1,15,478.99
11 Apr 2021	11 Apr 2021	   BY TRANSFER-UPI/REV/110103247732--	TRANSFER FROM 4898922162098	 	1,000.00	1,16,478.99
11 Apr 2021	11 Apr 2021	   TO TRANSFER-UPI/DR/110179272205/PRASANNA/SBIN/8472831677/Payme--	TRANSFER TO 5098130162090	20,000.00	 	96,478.99
11 Apr 2021	11 Apr 2021	   TO TRANSFER-UPI/DR/110135690342/FARUK AH/ICIC/8011784123/Payme--	TRANSFER TO 5099779162096	1,000.00	 	95,478.99
12 Apr 2021	12 Apr 2021	   TO TRANSFER-UPI/DR/110239889547/FARUK AH/ICIC/8011784123/Payme--	TRANSFER TO 5097567162092	1,500.00	 	93,978.99
12 Apr 2021	12 Apr 2021	   TO TRANSFER-UPI/DR/110209781991/PRASANNA/SBIN/8472831677/Payme--	TRANSFER TO 5099376162094	20,000.00	 	73,978.99
12 Apr 2021	12 Apr 2021	   TO TRANSFER-UPI/DR/110277472116/PhonePe/YESB/BILLDESKPP/Paymen--	TRANSFER TO 5097552162098	11.00	 	73,967.99
13 Apr 2021	13 Apr 2021	   TO TRANSFER-UPI/DR/110356576684/PRASANNA/SBIN/8472831677/Payme--	TRANSFER TO 5099475162091	20,000.00	 	53,967.99
13 Apr 2021	13 Apr 2021	   by debit card-OTHPG 110306495397Swiggy                9113112212--		137.00	 	53,830.99
13 Apr 2021	13 Apr 2021	   TO TRANSFER-UPI/DR/110347399585/ROYEL ALI/CNRB/royel.ali1/Paym--	TRANSFER TO 4898834162097	20.00	 	53,810.99
13 Apr 2021	13 Apr 2021	   TO TRANSFER-UPI/DR/110390922381/KANAK TA/YESB/BHARATPE90/Payme--	TRANSFER TO 5097598162095	95.00	 	53,715.99
13 Apr 2021	13 Apr 2021	   TO TRANSFER-UPI/DR/110303217684/ASHISH K/SBIN/7002339891/Payme--	TRANSFER TO 5099446162095	250.00	 	53,465.99
13 Apr 2021	13 Apr 2021	   TO TRANSFER-UPI/DR/110376674232/PRASANNA/SBIN/8472831677/Payme--	TRANSFER TO 5097671162093	20,000.00	 	33,465.99
13 Apr 2021	13 Apr 2021	   TO TRANSFER-UPI/DR/110337402033/PRASANNA/SBIN/8472831677/Payme--	TRANSFER TO 5099476162090	23,000.00	 	10,465.99
14 Apr 2021	14 Apr 2021	   TO TRANSFER-UPI/DR/110458468680/AHAAR SW/UTIB/gpay-11178/Payme--	TRANSFER TO 4898737162098	95.00	 	10,370.99
14 Apr 2021	14 Apr 2021	   TO TRANSFER-UPI/DR/110455402559/ASHISH K/SBIN/7002339891/Payme--	TRANSFER TO 5099502162092	250.00	 	10,120.99
15 Apr 2021	15 Apr 2021	   TO TRANSFER-UPI/DR/110438129703/Dhiraj E/UTIB/gpay-11179/Payme--	TRANSFER TO 5097794162092	92.00	 	10,028.99
15 Apr 2021	15 Apr 2021	   TO TRANSFER-UPI/DR/110522811224/Internat/UTIB/gpay-11176/Payme--	TRANSFER TO 5097811162096	680.00	 	9,348.99
15 Apr 2021	15 Apr 2021	   TO TRANSFER-UPI/DR/110584344521/DAS STORE/UTIB/gpay-11176/Paym--	TRANSFER TO 4898283162091	148.00	 	9,200.99
15 Apr 2021	15 Apr 2021	   by debit card-OTHPG 110516033316JUBILANT FOODWORKS LIMNOIDA--		289.00	 	8,911.99
16 Apr 2021	16 Apr 2021	   TO TRANSFER-UPI/DR/110644333197/AHAAR SW/UTIB/gpay-11178/Payme--	TRANSFER TO 5097914162090	70.00	 	8,841.99
16 Apr 2021	16 Apr 2021	   TO TRANSFER-UPI/DR/110652067187/ASHISH K/SBIN/7002339891/Payme--	TRANSFER TO 5097965162090	300.00	 	8,541.99
16 Apr 2021	16 Apr 2021	   TO TRANSFER-UPI/DR/110681145740/ASHISH K/SBIN/7002339891/Payme--	TRANSFER TO 5099674162095	50.00	 	8,491.99
16 Apr 2021	16 Apr 2021	   BY TRANSFER-UPI/CR/110687511447/ASHISH K/SBIN/7002339891/Payme--	TRANSFER FROM 5098600162097	 	200.00	8,691.99
16 Apr 2021	16 Apr 2021	   TO TRANSFER-UPI/DR/110615846682/ASHISH K/SBIN/7002339891/Payme--	TRANSFER TO 5099692162093	200.00	 	8,491.99
17 Apr 2021	17 Apr 2021	   BY TRANSFER-UPI/CR/110715070950/LABANYA /BDBL/rabhalaban/UPI--	TRANSFER FROM 5098692162090	 	1,000.00	9,491.99
17 Apr 2021	17 Apr 2021	   TO TRANSFER-UPI/DR/110736994292/Decathlo/UTIB/decathlons/Payme--	TRANSFER TO 5097988162093	999.00	 	8,492.99
18 Apr 2021	18 Apr 2021	   TO TRANSFER-UPI/DR/110884584542/PhonePe/YESB/EURONET@yb/Paymen--	TRANSFER TO 5098062162097	11.00	 	8,481.99
18 Apr 2021	18 Apr 2021	   TO TRANSFER-UPI/DR/110880449783/PhonePe/YESB/EURONET@yb/Paymen--	TRANSFER TO 4898760162099	11.00	 	8,470.99
20 Apr 2021	20 Apr 2021	   TO TRANSFER-UPI/DR/110974275652/PhonePe/YESB/EURONET@yb/Paymen--	TRANSFER TO 5097618162097	11.00	 	8,459.99
20 Apr 2021	20 Apr 2021	   TO TRANSFER-UPI/DR/111059139744/ANJALI  /INDB/BHARATPE.0/Payme--	TRANSFER TO 5097598162095	100.00	 	8,359.99
20 Apr 2021	20 Apr 2021	   TO TRANSFER-UPI/DR/111076471639/AMAZON S/HDFC/amazonsell/Payme--	TRANSFER TO 5097627162096	1,999.00	 	6,360.99
20 Apr 2021	20 Apr 2021	   TO TRANSFER-UPI/DR/111010551656/RAJDEEP /PUNB/8638337652/Payme--	TRANSFER TO 5097682162090	505.00	 	5,855.99
20 Apr 2021	20 Apr 2021	   TO TRANSFER-UPI/DR/111060381600/ASHISH K/SBIN/7002339891/Payme--	TRANSFER TO 5099413162094	260.00	 	5,595.99
20 Apr 2021	20 Apr 2021	   TO TRANSFER-UPI/DR/111071620356/AHAAR SW/UTIB/gpay-11178/Payme--	TRANSFER TO 5097631162090	35.00	 	5,560.99
20 Apr 2021	20 Apr 2021	   TO TRANSFER-UPI/DR/111017676104/ANJALI  /INDB/BHARATPE.0/Payme--	TRANSFER TO 5097624162099	40.00	 	5,520.99
20 Apr 2021	20 Apr 2021	   TO TRANSFER-UPI/DR/111049893604/PhonePe/YESB/EURONET@yb/Paymen--	TRANSFER TO 5097629162094	11.00	 	5,509.99
21 Apr 2021	21 Apr 2021	   BY TRANSFER-INB IMPS111116361455/1111111111/XX6004/50RLXO4IJN--	MAB000741217256          MAB000741217256          	 	1,999.00	7,508.99
22 Apr 2021	22 Apr 2021	   BY TRANSFER-UPI/CR/111275657971/ASHISH K/SBIN/7002339891/Payme--	TRANSFER FROM 4899352162097	 	60.00	7,568.99
22 Apr 2021	22 Apr 2021	   TO TRANSFER-UPI/DR/111288063015/ANJALI  /INDB/BHARATPE.0/Payme--	TRANSFER TO 5097792162094	220.00	 	7,348.99
22 Apr 2021	22 Apr 2021	   TO TRANSFER-UPI/DR/111257188033/ANJALI  /INDB/BHARATPE.0/Payme--	TRANSFER TO 4898743162090	75.00	 	7,273.99
22 Apr 2021	22 Apr 2021	   TO TRANSFER-UPI/DR/111264999953/AHAAR SW/UTIB/gpay-11178/Payme--	TRANSFER TO 5097809162099	130.00	 	7,143.99
23 Apr 2021	23 Apr 2021	   TO TRANSFER-UPI/DR/111362667880/MD ERIQ /PYTM/7896119501/Payme--	TRANSFER TO 4694249162099	190.00	 	6,953.99
23 Apr 2021	23 Apr 2021	   TO TRANSFER-UPI/DR/111322072264/PhonePe/YESB/EURONET@yb/Paymen--	TRANSFER TO 5097893162099	11.00	 	6,942.99
24 Apr 2021	24 Apr 2021	   TO TRANSFER-UPI/DR/111477979353/Internat/UTIB/gpay-11176/Payme--	TRANSFER TO 5098010162097	260.00	 	6,682.99
24 Apr 2021	24 Apr 2021	   TO TRANSFER-UPI/DR/111410553876/ANJALI  /INDB/BHARATPE.0/Payme--	TRANSFER TO 4692657162090	60.00	 	6,622.99
25 Apr 2021	25 Apr 2021	   TO TRANSFER-UPI/DR/111491585270/PhonePe/YESB/BILLDESKPP/Paymen--	TRANSFER TO 4692675162099	11.00	 	6,611.99
25 Apr 2021	25 Apr 2021	   TO TRANSFER-UPI/DR/111531363034/Swiggy/UTIB/swiggyupi@/Payment--	TRANSFER TO 5098078162099	116.00	 	6,495.99
26 Apr 2021	26 Apr 2021	   TO TRANSFER-UPI/DR/111691580993/AMAZON S/HDFC/amazonsell/Payme--	TRANSFER TO 5097550162099	1,999.00	 	4,496.99
26 Apr 2021	26 Apr 2021	   TO TRANSFER-UPI/DR/111637585401/ASHISH K/SBIN/7002339891/Payme--	TRANSFER TO 4693858162094	50.00	 	4,446.99
27 Apr 2021	27 Apr 2021	   TO TRANSFER-UPI/DR/111757315468/ASHISH K/SBIN/7002339891/Payme--	TRANSFER TO 4693888162099	85.00	 	4,361.99
27 Apr 2021	27 Apr 2021	   TO TRANSFER-UPI/DR/111747190981/MD ERIQ /PYTM/7896119501/Payme--	TRANSFER TO 4898826162097	150.00	 	4,211.99
28 Apr 2021	28 Apr 2021	   TO TRANSFER-UPI/DR/111817072240/Chapalele/UTIB/gpay-11174/Paym--	TRANSFER TO 4898739162096	99.00	 	4,112.99
28 Apr 2021	28 Apr 2021	   TO TRANSFER-UPI/DR/111833271239/AHAAR RE/UTIB/gpay-11178/Payme--	TRANSFER TO 4692523162093	40.00	 	4,072.99
29 Apr 2021	29 Apr 2021	   by debit card-SBIPG 111930000938portalbsnl TPSL       Mumbai--		2,286.00	 	1,786.99
29 Apr 2021	29 Apr 2021	   TO TRANSFER-UPI/DR/111933913102/PhonePe/YESB/BILLDESKPP/Paymen--	TRANSFER TO 4692551162099	48.00	 	1,738.99
29 Apr 2021	29 Apr 2021	   BY TRANSFER-UPI/CR/111982243766/MD ERIQ /PYTM/7896119501/Payme--	TRANSFER FROM 4693417162098	 	48.00	1,786.99
29 Apr 2021	29 Apr 2021	   TO TRANSFER-UPI/DR/111934653516/ASHISH K/SBIN/7002339891/Payme--	TRANSFER TO 4694129162097	360.00	 	1,426.99
29 Apr 2021	29 Apr 2021	   BY TRANSFER-NEFT*CNRB0002771*P119210106176613*THARAVU TECHNOLO--	TRANSFER FROM 3199424044303	 	800.00	2,226.99
30 Apr 2021	30 Apr 2021	   TO TRANSFER-UPI/DR/112049662506/ASHISH K/SBIN/7002339891/Payme--	TRANSFER TO 4694281162090	300.00	 	1,926.99
30 Apr 2021	30 Apr 2021	   BY TRANSFER-NEFT*CNRB0002771*P120210106401166*THARAVU TECHNOLO--	TRANSFER FROM 3199675044306	 	15,000.00	16,926.99
1 May 2021	1 May 2021	   TO TRANSFER-UPI/DR/112107641568/Razorpay/ICIC/zomatoindi/Payme--	TRANSFER TO 5097987162094	153.40	 	16,773.59
1 May 2021	1 May 2021	   TO TRANSFER-UPI/DR/112133400089/ASHISH K/SBIN/7002339891/Payme--	TRANSFER TO 4898907162096	1,000.00	 	15,773.59
2 May 2021	2 May 2021	   BY TRANSFER-UPI/CR/112232088132/HRIDAY K/SBIN/9864695803/Payme--	TRANSFER FROM 4693670162096	 	500.00	16,273.59
2 May 2021	2 May 2021	   by debit card-SBIPG TW0084195887AMAZON                MUMBAI--		50.00	 	16,223.59
2 May 2021	2 May 2021	   TO TRANSFER-UPI/DR/112262424947/PhonePe/YESB/EURONET@yb/Paymen--	TRANSFER TO 4692661162095	21.00	 	16,202.59
3 May 2021	3 May 2021	   TO TRANSFER-UPI/DR/112350288521/ASHISH K/SBIN/7002339891/Payme--	TRANSFER TO 5099348162097	3,000.00	 	13,202.59
5 May 2021	5 May 2021	   TO TRANSFER-UPI/DR/112522762216/PhonePe/YESB/EURONET@yb/Paymen--	TRANSFER TO 5097737162090	21.00	 	13,181.59
6 May 2021	6 May 2021	   TO TRANSFER-UPI/DR/112602442286/AMAZON/UTIB/amazon@apl/Request--	TRANSFER TO 4692543162099	199.00	 	12,982.59
6 May 2021	6 May 2021	   by debit card-SBIPG TW0088939197AMAZON                MUMBAI--		462.40	 	12,520.19
6 May 2021	6 May 2021	   TO TRANSFER-UPI/DR/112669579948/PRASANNA/SBIN/8472831677/Payme--	TRANSFER TO 5099618162092	500.00	 	12,020.19
6 May 2021	6 May 2021	   TO TRANSFER-UPI/DR/112647245123/SANJAY C/PUNB/Q55277621@/Payme--	TRANSFER TO 5099611162099	220.00	 	11,800.19
9 May 2021	9 May 2021	   by debit card-OTHPG 112908461381NETFLIX               MUMBAI--		799.00	 	11,001.19
9 May 2021	9 May 2021	   BY TRANSFER-UPI/CR/112913330911/PRIYANKA/FDRL/prikospy-1/UPI--	TRANSFER FROM 5099316162095	 	270.00	11,271.19
9 May 2021	9 May 2021	   BY TRANSFER-UPI/CR/112949108677/RAJESH  /SBIN/7086828190/Payme--	TRANSFER FROM 5098786162094	 	270.00	11,541.19
9 May 2021	9 May 2021	   BY TRANSFER-UPI/CR/112912470528/RAJESH  /SBIN/7086828190/200rs--	TRANSFER FROM 5099264162091	 	66.00	11,607.19
10 May 2021	10 May 2021	   TO TRANSFER-UPI/DR/112923180524/digitalg/ICIC/digitalgoo/Oid60--	TRANSFER TO 5097508162091	36.00	 	11,571.19
10 May 2021	10 May 2021	   TO TRANSFER-UPI/DR/112938745701/PhonePe/YESB/EURONET@yb/Paymen--	TRANSFER TO 4692439162099	21.00	 	11,550.19
11 May 2021	11 May 2021	   TO TRANSFER-UPI/DR/113120988238/Mr JITUL/CBIN/7002406726/Payme--	TRANSFER TO 4693906162092	4,500.00	 	7,050.19
16 May 2021	16 May 2021	   by debit card-SBIPG 460001919843www.myntra.com        Bangalore--		1,617.00	 	5,433.19
18 May 2021	18 May 2021	   BY TRANSFER-UPI/CR/113820237526/HRIDAY K/SBIN/9864695803/Payme--	TRANSFER FROM 4693135162097	 	1,000.00	6,433.19
18 May 2021	18 May 2021	   TO TRANSFER-UPI/DR/113869352166/PhonePe/YESB/EURONET@yb/Paymen--	TRANSFER TO 4692462162091	11.00	 	6,422.19
19 May 2021	19 May 2021	   TO TRANSFER-UPI/DR/113961789540/ASHISH K/SBIN/7002339891/Payme--	TRANSFER TO 5099536162093	500.00	 	5,922.19
19 May 2021	19 May 2021	   TO TRANSFER-UPI/DR/113939120132/PhonePe/YESB/EURONET@yb/Paymen--	TRANSFER TO 4692523162093	11.00	 	5,911.19
19 May 2021	19 May 2021	   TO TRANSFER-UPI/DR/113919959981/ABHIJIT /SBIN/dasabhijit/UPI--	TRANSFER TO 5097751162092	500.00	 	5,411.19
23 May 2021	23 May 2021	   TO TRANSFER-UPI/DR/114340634290/PhonePe/YESB/EURONET@yb/Paymen--	TRANSFER TO 4898290162091	249.00	 	5,162.19
24 May 2021	24 May 2021	   by debit card-OTHPG 114409501644Google Cloud          MUMBAI--		1.00	 	5,161.19
24 May 2021	24 May 2021	   by debit card-OTHPG 114409501852Google Cloud          MUMBAI--		1.00	 	5,160.19
24 May 2021	24 May 2021	   by debit card-OTHPG 114409504023Google Cloud          MUMBAI--		1.00	 	5,159.19
24 May 2021	24 May 2021	   TO TRANSFER-UPI/DR/114418011168/PhonePe/YESB/BILLDESKPP/Paymen--	TRANSFER TO 5097542162090	51.00	 	5,108.19
27 May 2021	27 May 2021	   TO TRANSFER-UPI/DR/114753246849/PhonePe/YESB/EURONET@yb/Paymen--	TRANSFER TO 4692552162098	21.00	 	5,087.19
27 May 2021	27 May 2021	   TO TRANSFER-UPI/DR/114772813211/PhonePe/YESB/EURONET@yb/Paymen--	TRANSFER TO 4692567162092	199.00	 	4,888.19
27 May 2021	27 May 2021	   TO TRANSFER-UPI/DR/114760232664/PhonePe/YESB/EURONET@yb/Paymen--	TRANSFER TO 5097795162091	11.00	 	4,877.19
29 May 2021	29 May 2021	   TO TRANSFER-UPI/DR/114964540703/PhonePe/YESB/BILLDESKPP/Paymen--	TRANSFER TO 4692631162090	49.00	 	4,828.19
31 May 2021	31 May 2021	   TO TRANSFER-UPI/DR/115119039718/PhonePe/YESB/EURONET@yb/Paymen--	TRANSFER TO 4692424162096	51.00	 	4,777.19
1 Jun 2021	1 Jun 2021	   TO TRANSFER-UPI/DR/115278691313/PhonePe/YESB/BILLDESKPP/Paymen--	TRANSFER TO 4898731162094	11.00	 	4,766.19
3 Jun 2021	3 Jun 2021	   BULK POSTING-     00000016942 310521 GOOGLE CLOUD--		 	1.00	4,767.19
3 Jun 2021	3 Jun 2021	   BULK POSTING-     00000016942 310521 GOOGLE CLOUD--		 	1.00	4,768.19
3 Jun 2021	3 Jun 2021	   BULK POSTING-     00000016942 310521 GOOGLE CLOUD--		 	1.00	4,769.19
3 Jun 2021	3 Jun 2021	   TO TRANSFER-UPI/DR/115481298637/PhonePe/YESB/EURONET@yb/Paymen--	TRANSFER TO 4692547162095	51.00	 	4,718.19
6 Jun 2021	6 Jun 2021	   TO TRANSFER-UPI/DR/115767669919/PhonePe/YESB/BILLDESKPP/Paymen--	TRANSFER TO 4898759162092	51.00	 	4,667.19
7 Jun 2021	7 Jun 2021	   BY TRANSFER-UPI/CR/115811682619/PRIYANKA/FDRL/prikospy-1/netfl--	TRANSFER FROM 4897701162097	 	200.00	4,867.19
8 Jun 2021	8 Jun 2021	   BY TRANSFER-UPI/CR/115955187321/RAJESH  /SBIN/7086828190/Netfl--	TRANSFER FROM 4693113162093	 	200.00	5,067.19
8 Jun 2021	8 Jun 2021	   BY TRANSFER-UPI/CR/115904785991/RAJESH  /SBIN/7086828190/Risha--	TRANSFER FROM 5098945162095	 	200.00	5,267.19
9 Jun 2021	9 Jun 2021	   by debit card-OTHPG 116009306723NETFLIX               MUMBAI--		799.00	 	4,468.19
9 Jun 2021	9 Jun 2021	   TO TRANSFER-UPI/DR/116017300916/Mr JITUL/CBIN/jituld9@ok/UPI--	TRANSFER TO 5099483162091	100.00	 	4,368.19
10 Jun 2021	10 Jun 2021	   TO TRANSFER-UPI/DR/116174632322/PhonePe/YESB/EURONET@yb/Paymen--	TRANSFER TO 4692576162091	49.00	 	4,319.19
11 Jun 2021	11 Jun 2021	   BY TRANSFER-NEFT*CNRB0002771*P162210112374469*THARAVU TECHNOLO--	TRANSFER FROM 3199967044305	 	15,000.00	19,319.19
12 Jun 2021	12 Jun 2021	   TO TRANSFER-UPI/DR/116306023775/ASHISH K/SBIN/7002339891/Payme--	TRANSFER TO 5099776162099	250.00	 	19,069.19
12 Jun 2021	12 Jun 2021	   BY TRANSFER-UPI/CR/116314272575/ANOWAR  /SBIN/dhanmonidj/UPI--	TRANSFER FROM 5099238162092	 	10.00	19,079.19
13 Jun 2021	13 Jun 2021	   TO TRANSFER-UPI/DR/116487201292/Rahman S/UTIB/gpay-11184/Payme--	TRANSFER TO 4692689162093	70.00	 	19,009.19
13 Jun 2021	13 Jun 2021	   TO TRANSFER-UPI/DR/116408353981/SYED MAN/PSIB/mannanrahm/UPI--	TRANSFER TO 4694439162094	2,000.00	 	17,009.19
13 Jun 2021	13 Jun 2021	   TO TRANSFER-UPI/DR/116431281173/ASHISH K/SBIN/7002339891/Payme--	TRANSFER TO 4694456162093	2,000.00	 	15,009.19
13 Jun 2021	13 Jun 2021	   TO TRANSFER-UPI/DR/116467252818/SWIGGY/ICIC/upiswiggy@/Payment--	TRANSFER TO 5098105162091	396.00	 	14,613.19
13 Jun 2021	13 Jun 2021	   BY TRANSFER-UPI/CR/116480089279/SWIGGY/ICIC/upiswiggy@/TXN FAI--	TRANSFER FROM 4693738162092	 	119.00	14,732.19
13 Jun 2021	13 Jun 2021	   BY TRANSFER-UPI/CR/116472173459/ASHISH K/SBIN/7002339891/Payme--	TRANSFER FROM 5099299162090	 	100.00	14,832.19
13 Jun 2021	13 Jun 2021	   TO TRANSFER-UPI/DR/116428491917/SWIGGY/ICIC/upiswiggy@/Payment--	TRANSFER TO 5098063162096	151.00	 	14,681.19
14 Jun 2021	14 Jun 2021	   BY TRANSFER-UPI/CR/116501070720/SYED MAN/PSIB/mannanrahm/UPI--	TRANSFER FROM 4693085162091	 	2,000.00	16,681.19
14 Jun 2021	14 Jun 2021	   TO TRANSFER-UPI/DR/116565602221/AKSHAT H/UTIB/gpay-11176/Payme--	TRANSFER TO 4692432162096	300.00	 	16,381.19
14 Jun 2021	14 Jun 2021	   TO TRANSFER-UPI/DR/116583372797/ASHISH K/SBIN/7002339891/Payme--	TRANSFER TO 4693776162097	2,000.00	 	14,381.19
14 Jun 2021	14 Jun 2021	   TO TRANSFER-UPI/DR/116539916449/Swiggy/UTIB/swiggyupi@/Payment--	TRANSFER TO 4692431162097	184.00	 	14,197.19
14 Jun 2021	14 Jun 2021	   BY TRANSFER-UPI/CR/116516097192/ASHISH K/SBIN/7002339891/Payme--	TRANSFER FROM 4693002162098	 	2,000.00	16,197.19
15 Jun 2021	15 Jun 2021	   TO TRANSFER-UPI/DR/116604412648/BSNL Lan/PYTM/paytm-4120/Payme--	TRANSFER TO 5097635162096	3,041.00	 	13,156.19
15 Jun 2021	15 Jun 2021	   TO TRANSFER-UPI/DR/116657158697/ASHISH K/SBIN/7002339891/Payme--	TRANSFER TO 5099469162099	50.00	 	13,106.19
16 Jun 2021	16 Jun 2021	   BY TRANSFER-UPI/CR/116711320764/MD ERIQ /PYTM/ericrahman/UPI--	TRANSFER FROM 5098405162090	 	266.00	13,372.19
16 Jun 2021	16 Jun 2021	   BY TRANSFER-UPI/CR/116711341658/MD ERIQ /PYTM/ericrahman/UPI--	TRANSFER FROM 5099012162099	 	1,000.00	14,372.19
16 Jun 2021	16 Jun 2021	   by debit card-SBIPG TW0137150808AMAZON                MUMBAI--		144.00	 	14,228.19
17 Jun 2021	17 Jun 2021	   TO TRANSFER-UPI/DR/116821879835/ASHISH K/SBIN/7002339891/Payme--	TRANSFER TO 5099621162097	1,500.00	 	12,728.19
17 Jun 2021	17 Jun 2021	   TO TRANSFER-UPI/DR/116830569864/ASHISH K/SBIN/7002339891/Payme--	TRANSFER TO 4694089162099	170.00	 	12,558.19
17 Jun 2021	17 Jun 2021	   TO TRANSFER-UPI/DR/116852730548/ASHISH K/SBIN/7002339891/Payme--	TRANSFER TO 4694126162090	200.00	 	12,358.19
17 Jun 2021	17 Jun 2021	   TO TRANSFER-UPI/DR/116845569678/ASHISH K/SBIN/7002339891/Payme--	TRANSFER TO 4694148162094	30.00	 	12,328.19
17 Jun 2021	17 Jun 2021	   TO TRANSFER-UPI/DR/116809102698/Swiggy/UTIB/swiggyupi@/Payment--	TRANSFER TO 5097798162098	136.00	 	12,192.19
18 Jun 2021	18 Jun 2021	   BY TRANSFER-NEFT*CNRB0002771*P169210113182717*THARAVU TECHNOLO--	TRANSFER FROM 3199966044306	 	800.00	12,992.19
18 Jun 2021	18 Jun 2021	   TO TRANSFER-UPI/DR/116968012723/PhonePe/YESB/BILLDESKPP/Paymen--	TRANSFER TO 4692603162093	11.00	 	12,981.19
18 Jun 2021	18 Jun 2021	   TO TRANSFER-UPI/DR/116942733387/ASHISH K/SBIN/7002339891/Payme--	TRANSFER TO 5099673162096	3,000.00	 	9,981.19
18 Jun 2021	18 Jun 2021	   TO TRANSFER-UPI/DR/116913459539/KANGKAN /SBIN/8376023525/Payme--	TRANSFER TO 4898892162098	149.00	 	9,832.19
19 Jun 2021	19 Jun 2021	   TO TRANSFER-UPI/DR/117035906901/REKHA  P/SBIN/9859552989/Payme--	TRANSFER TO 4694331162096	2,000.00	 	7,832.19
19 Jun 2021	19 Jun 2021	   BY TRANSFER-UPI/CR/117012335317/MRIGANKA/SBIN/mrigankaru/chill--	TRANSFER FROM 4693622162094	 	390.00	8,222.19
19 Jun 2021	19 Jun 2021	   TO TRANSFER-UPI/DR/117017799097/Internat/UTIB/gpay-11176/Payme--	TRANSFER TO 4898751162090	1,300.00	 	6,922.19
19 Jun 2021	19 Jun 2021	   TO TRANSFER-UPI/DR/117064979150/SWIGGY/ICIC/upiswiggy@/Payment--	TRANSFER TO 5098010162097	695.00	 	6,227.19
19 Jun 2021	19 Jun 2021	   TO TRANSFER-UPI/DR/117002964408/PhonePe/YESB/EURONET@yb/Paymen--	TRANSFER TO 4692621162092	149.00	 	6,078.19
19 Jun 2021	19 Jun 2021	   TO TRANSFER-UPI/DR/117011769516/PhonePe/YESB/BILLDESKPP/Paymen--	TRANSFER TO 5097989162092	219.00	 	5,859.19
20 Jun 2021	20 Jun 2021	   BY TRANSFER-UPI/CR/117044919408/SWIGGY/ICIC/upiswiggy@/TXN FAI--	TRANSFER FROM 4693559162094	 	209.00	6,068.19
20 Jun 2021	20 Jun 2021	   TO TRANSFER-UPI/DR/117129399254/MD ERIQ /PYTM/7896119501/Payme--	TRANSFER TO 5098126162097	500.00	 	5,568.19
20 Jun 2021	20 Jun 2021	   TO TRANSFER-UPI/DR/117159668679/Swiggy/UTIB/swiggyupi@/Payment--	TRANSFER TO 5098077162090	168.00	 	5,400.19
21 Jun 2021	21 Jun 2021	   TO TRANSFER-UPI/DR/117235521174/Rahman S/UTIB/gpay-11184/Payme--	TRANSFER TO 5097532162092	135.00	 	5,265.19
21 Jun 2021	21 Jun 2021	   BY TRANSFER-UPI/CR/117221844138/ASHISH K/SBIN/7002339891/Payme--	TRANSFER FROM 5098827162090	 	140.00	5,405.19
21 Jun 2021	21 Jun 2021	   TO TRANSFER-UPI/DR/117257619986/Internat/UTIB/gpay-11176/Payme--	TRANSFER TO 5097506162093	720.00	 	4,685.19
21 Jun 2021	21 Jun 2021	   BY TRANSFER-UPI/CR/117258027318/PRIYANKA/FDRL/prikospy-1/UPI--	TRANSFER FROM 5098822162095	 	150.00	4,835.19
21 Jun 2021	21 Jun 2021	   BY TRANSFER-UPI/CR/117258194384/PRIYANKA/FDRL/prikospy-1/cigg--	TRANSFER FROM 4693042162091	 	100.00	4,935.19
21 Jun 2021	21 Jun 2021	   TO TRANSFER-UPI/DR/117281749204/ANJALI  /INDB/BHARATPE.0/Payme--	TRANSFER TO 5097540162091	200.00	 	4,735.19
22 Jun 2021	22 Jun 2021	   TO TRANSFER-UPI/DR/117338271340/ASHISH K/SBIN/7002339891/Payme--	TRANSFER TO 5097678162096	150.00	 	4,585.19
22 Jun 2021	22 Jun 2021	   BY TRANSFER-UPI/CR/117356431754/MD ERIQ /PYTM/ericrahman/UPI--	TRANSFER FROM 5098310162097	 	700.00	5,285.19
22 Jun 2021	22 Jun 2021	   TO TRANSFER-UPI/DR/117303336691/Swiggy/UTIB/swiggyupi@/Payment--	TRANSFER TO 5097604162092	152.00	 	5,133.19
22 Jun 2021	22 Jun 2021	   TO TRANSFER-UPI/DR/117302787900/ASHISH K/SBIN/7002339891/Payme--	TRANSFER TO 4693933162090	100.00	 	5,033.19
23 Jun 2021	23 Jun 2021	   TO TRANSFER-UPI/DR/117492145087/MD ERIQ /PYTM/7896119501/Payme--	TRANSFER TO 5097756162097	650.00	 	4,383.19
23 Jun 2021	23 Jun 2021	   BY TRANSFER-UPI/CR/117477312192/PRIYANKA/FDRL/prikospy-1/UPI--	TRANSFER FROM 5099014162097	 	170.00	4,553.19
23 Jun 2021	23 Jun 2021	   TO TRANSFER-UPI/DR/117461431824/Internat/UTIB/gpay-11176/Payme--	TRANSFER TO 4692508162091	770.00	 	3,783.19
23 Jun 2021	23 Jun 2021	   BY TRANSFER-UPI/CR/117484792844/PRIYANKA/FDRL/prikospy-1/UPI--	TRANSFER FROM 4693230162097	 	80.00	3,863.19
23 Jun 2021	23 Jun 2021	   TO TRANSFER-UPI/DR/117411862399/SWIGGY/ICIC/upiswiggy@/Payment--	TRANSFER TO 4692527162099	152.00	 	3,711.19
24 Jun 2021	24 Jun 2021	   BY TRANSFER-UPI/CR/117592451751/PRIYANKA/FDRL/prikospy-1/UPI--	TRANSFER FROM 5099034162093	 	100.00	3,811.19
24 Jun 2021	24 Jun 2021	   TO TRANSFER-UPI/DR/117536015233/PhonePe/YESB/BILLDESKPP/Paymen--	TRANSFER TO 5097802162096	11.00	 	3,800.19
25 Jun 2021	25 Jun 2021	   TO TRANSFER-UPI/DR/117666394057/Swiggy/UTIB/swiggyupi@/Payment--	TRANSFER TO 4692619162096	140.00	 	3,660.19
25 Jun 2021	25 Jun 2021	   BY TRANSFER-UPI/CR/117600903515/PRIYANKA/FDRL/prikospy-1/UPI--	TRANSFER FROM 4693454162093	 	70.00	3,730.19
25 Jun 2021	25 Jun 2021	   CREDIT INTEREST---		 	171.00	3,901.19
27 Jun 2021	27 Jun 2021	   BY TRANSFER-UPI/CR/117719191309/PRIYANKA/FDRL/prikospy-1/UPI--	TRANSFER FROM 5099223162099	 	140.00	4,041.19
27 Jun 2021	27 Jun 2021	   TO TRANSFER-UPI/DR/117703609688/Zomato/HDFC/zomato@hdf/Payment--	TRANSFER TO 5098014162094	286.00	 	3,755.19
27 Jun 2021	27 Jun 2021	   TO TRANSFER-UPI/DR/117878892881/Rahman S/UTIB/gpay-11184/Payme--	TRANSFER TO 5098103162093	205.00	 	3,550.19
27 Jun 2021	27 Jun 2021	   TO TRANSFER-UPI/DR/117890166699/MD ERIQ /PYTM/7896119501/Payme--	TRANSFER TO 5098123162090	10.00	 	3,540.19
27 Jun 2021	27 Jun 2021	   TO TRANSFER-UPI/DR/117813891245/PRIYANKA/FDRL/prikospy-1/UPI--	TRANSFER TO 4694434162099	100.00	 	3,440.19
27 Jun 2021	27 Jun 2021	   TO TRANSFER-UPI/DR/117833423072/Dominos /PYTM/paytm-5195/Payme--	TRANSFER TO 4692675162099	155.90	 	3,284.29
27 Jun 2021	27 Jun 2021	   TO TRANSFER-UPI/DR/117804780774/Zomato/PYTM/zomato-ord/Payment--	TRANSFER TO 4692443162093	248.06	 	3,036.23
28 Jun 2021	28 Jun 2021	   TO TRANSFER-UPI/DR/117990420777/Swiggy/UTIB/swiggyupi@/Payment--	TRANSFER TO 5097515162093	375.00	 	2,661.23
28 Jun 2021	28 Jun 2021	   TO TRANSFER-UPI/DR/117938480685/Rahman S/UTIB/gpay-11184/Payme--	TRANSFER TO 5097516162092	30.00	 	2,631.23
28 Jun 2021	28 Jun 2021	   TO TRANSFER-UPI/DR/117984138371/PhonePe/YESB/BILLDESKPP/Paymen--	TRANSFER TO 5097511162097	11.00	 	2,620.23
28 Jun 2021	28 Jun 2021	   TO TRANSFER-UPI/DR/117916336042/ASHISH K/SBIN/7002339891/Payme--	TRANSFER TO 5099331162096	1,500.00	 	1,120.23
28 Jun 2021	28 Jun 2021	   BY TRANSFER-UPI/CR/117939200775/PRIYANKA/FDRL/prikospy-1/UPI--	TRANSFER FROM 5098214162097	 	113.00	1,233.23
29 Jun 2021	29 Jun 2021	   TO TRANSFER-UPI/DR/118021063499/Taste Of/UTIB/gpay-11184/Payme--	TRANSFER TO 4692461162092	220.00	 	1,013.23
29 Jun 2021	29 Jun 2021	   TO TRANSFER-UPI/DR/118012649207/ANJALI  /INDB/BHARATPE.0/Payme--	TRANSFER TO 5097641162098	103.00	 	910.23
30 Jun 2021	30 Jun 2021	   TO TRANSFER-UPI/DR/118156974917/Zomato/PYTM/zomato-ord/Payment--	TRANSFER TO 5097709162093	275.00	 	635.23
30 Jun 2021	30 Jun 2021	   BY TRANSFER-UPI/CR/118154677077/PRIYANKA/FDRL/prikospy-1/UPI--	TRANSFER FROM 5098978162097	 	140.00	775.23
30 Jun 2021	30 Jun 2021	   TO TRANSFER-UPI/DR/118113012382/MENOKA  /SBIN/provadaima/UPI--	TRANSFER TO 5099501162093	50.00	 	725.23
30 Jun 2021	30 Jun 2021	   BY TRANSFER-NEFT*CNRB0002771*P181210114864363*THARAVU TECHNOLO--	TRANSFER FROM 3199970044309	 	15,000.00	15,725.23
1 Jul 2021	1 Jul 2021	   TO TRANSFER-UPI/DR/118205635191/PhonePe/YESB/EURONET@yb/Paymen--	TRANSFER TO 4692545162097	199.00	 	15,526.23
1 Jul 2021	1 Jul 2021	   TO TRANSFER-UPI/DR/118218617516/SWIGGY/ICIC/upiswiggy@/Payment--	TRANSFER TO 4692574162093	234.00	 	15,292.23
2 Jul 2021	2 Jul 2021	   TO TRANSFER-UPI/DR/118372771918/Zomato/PYTM/zomato-ord/OidZTDB--	TRANSFER TO 5097909162096	353.00	 	14,939.23
2 Jul 2021	2 Jul 2021	   TO TRANSFER-UPI/DR/118372762092/AMAZON S/HDFC/amazonsell/Payme--	TRANSFER TO 4692591162092	339.00	 	14,600.23
2 Jul 2021	2 Jul 2021	   TO TRANSFER-UPI/DR/118359968853/Rahman S/UTIB/gpay-11184/Payme--	TRANSFER TO 4692601162095	100.00	 	14,500.23
2 Jul 2021	2 Jul 2021	   TO TRANSFER-UPI/DR/118307136966/ASHISH K/SBIN/7002339891/Payme--	TRANSFER TO 5097953162093	260.00	 	14,240.23
2 Jul 2021	2 Jul 2021	   TO TRANSFER-UPI/DR/118383228709/ASHISH K/SBIN/7002339891/Payme--	TRANSFER TO 4694226162096	300.00	 	13,940.23
3 Jul 2021	3 Jul 2021	   TO TRANSFER-UPI/DR/118419786083/AMAZON S/HDFC/amazonsell/Payme--	TRANSFER TO 5098016162092	214.00	 	13,726.23
3 Jul 2021	3 Jul 2021	   BY TRANSFER-UPI/CR/118441677483/REKHA  P/SBIN/9859552989/Payme--	TRANSFER FROM 5099224162098	 	1,000.00	14,726.23
4 Jul 2021	4 Jul 2021	   TO TRANSFER-UPI/DR/118590517500/ASHISH K/SBIN/7002339891/Payme--	TRANSFER TO 5098149162090	180.00	 	14,546.23
4 Jul 2021	4 Jul 2021	   TO TRANSFER-UPI/DR/118519244843/MD ERIQ /PYTM/7896119501/Payme--	TRANSFER TO 4694417162090	70.00	 	14,476.23
5 Jul 2021	5 Jul 2021	   TO TRANSFER-UPI/DR/118612222282/PRIYANKA/FDRL/prikospy-1/UPI--	TRANSFER TO 5097568162091	1,000.00	 	13,476.23
5 Jul 2021	5 Jul 2021	   TO TRANSFER-UPI/DR/118612614408/PRIYANKA/FDRL/prikospy-1/UPI--	TRANSFER TO 5097581162094	10.00	 	13,466.23
5 Jul 2021	5 Jul 2021	   TO TRANSFER-UPI/DR/118658892366/ASHISH K/SBIN/7002339891/Payme--	TRANSFER TO 5099336162091	350.00	 	13,116.23
5 Jul 2021	5 Jul 2021	   TO TRANSFER-UPI/DR/118627648639/Internat/UTIB/gpay-11176/Payme--	TRANSFER TO 4692429162091	170.00	 	12,946.23
5 Jul 2021	5 Jul 2021	   TO TRANSFER-UPI/DR/118601704158/Salasar /UTIB/9101154979/Payme--	TRANSFER TO 4898277162099	215.00	 	12,731.23
5 Jul 2021	5 Jul 2021	   TO TRANSFER-UPI/DR/118634923972/PhonePe/YESB/EURONET@yb/Paymen--	TRANSFER TO 4898730162094	21.00	 	12,710.23
6 Jul 2021	6 Jul 2021	   TO TRANSFER-UPI/DR/118758435299/PRIYANKA/FDRL/7086788706/Payme--	TRANSFER TO 4693965162093	1.00	 	12,709.23
6 Jul 2021	6 Jul 2021	   TO TRANSFER-UPI/DR/118740530900/PRIYANKA/FDRL/7086788706/Payme--	TRANSFER TO 5099403162095	500.00	 	12,209.23
6 Jul 2021	6 Jul 2021	   TO TRANSFER-UPI/DR/118746538020/Zomato/PYTM/zomato-ord/Payment--	TRANSFER TO 5097639162092	135.37	 	12,073.86
6 Jul 2021	6 Jul 2021	   TO TRANSFER-UPI/DR/118707894641/PhonePe/YESB/EURONET@yb/Paymen--	TRANSFER TO 4692482162097	11.00	 	12,062.86
7 Jul 2021	7 Jul 2021	   BY TRANSFER-UPI/CR/118862716687/PRIYANKA/FDRL/7086788706/Payme--	TRANSFER FROM 5098429162093	 	220.00	12,282.86
7 Jul 2021	7 Jul 2021	   TO TRANSFER-UPI/DR/118848254859/ASHISH K/SBIN/7002339891/Payme--	TRANSFER TO 4694031162096	1,040.00	 	11,242.86
7 Jul 2021	7 Jul 2021	   BY TRANSFER-UPI/CR/118827422057/ASHISH K/SBIN/7002339891/Payme--	TRANSFER FROM 4693258162096	 	1.00	11,243.86
7 Jul 2021	7 Jul 2021	   TO TRANSFER-UPI/DR/118886418462/Swiggy/UTIB/swiggyupi@/Payment--	TRANSFER TO 4692504162095	306.00	 	10,937.86
7 Jul 2021	7 Jul 2021	   BY TRANSFER-UPI/CR/118855384290/PRIYANKA/FDRL/7086788706/Payme--	TRANSFER FROM 4693236162092	 	100.00	11,037.86
7 Jul 2021	7 Jul 2021	   TO TRANSFER-UPI/DR/118811361838/PhonePe/YESB/EURONET@yb/Paymen--	TRANSFER TO 4692523162093	21.00	 	11,016.86
8 Jul 2021	8 Jul 2021	   BY TRANSFER-UPI/CR/118961269435/RAJESH  /SBIN/7086828190/Netfl--	TRANSFER FROM 4693391162093	 	200.00	11,216.86
8 Jul 2021	8 Jul 2021	   BY TRANSFER-UPI/CR/118990264971/RAJESH  /SBIN/7086828190/Risha--	TRANSFER FROM 4693414162091	 	200.00	11,416.86
8 Jul 2021	8 Jul 2021	   BY TRANSFER-UPI/CR/118929798642/PRIYANKA/FDRL/7086788706/Payme--	TRANSFER FROM 5098498162091	 	1,500.00	12,916.86
8 Jul 2021	8 Jul 2021	   TO TRANSFER-UPI/DR/118942379021/ASHISH K/SBIN/7002339891/Payme--	TRANSFER TO 5099609162092	260.00	 	12,656.86
8 Jul 2021	8 Jul 2021	   TO TRANSFER-UPI/DR/118958317701/ASHISH K/SBIN/7002339891/Payme--	TRANSFER TO 5099610162099	350.00	 	12,306.86
9 Jul 2021	9 Jul 2021	   BY TRANSFER-UPI/CR/119000365778/PRIYANKA/FDRL/7086788706/Payme--	TRANSFER FROM 4693488162094	 	1,000.00	13,306.86
9 Jul 2021	9 Jul 2021	   TO TRANSFER-UPI/DR/119060660727/ASHISH K/SBIN/7002339891/Payme--	TRANSFER TO 5097947162091	500.00	 	12,806.86
9 Jul 2021	9 Jul 2021	   by debit card-OTHPG 119013519039NETFLIX               MUMBAI--		799.00	 	12,007.86
9 Jul 2021	9 Jul 2021	   TO TRANSFER-UPI/DR/119061255783/PhonePe/YESB/EURONET@yb/Paymen--	TRANSFER TO 5097912162092	149.00	 	11,858.86
9 Jul 2021	9 Jul 2021	   TO TRANSFER-UPI/DR/119043196322/Zomato/PYTM/zomato-ord/Payment--	TRANSFER TO 5097886162098	269.50	 	11,589.36
10 Jul 2021	10 Jul 2021	   TO TRANSFER-UPI/DR/119117653526/Dominos /PYTM/dominospiz/UPI--	TRANSFER TO 5098008162091	744.00	 	10,845.36
10 Jul 2021	10 Jul 2021	   TO TRANSFER-UPI/DR/119120607518/ASHISH K/SBIN/7002339891/Payme--	TRANSFER TO 4694398162098	500.00	 	10,345.36
11 Jul 2021	11 Jul 2021	   TO TRANSFER-UPI/DR/119163189522/SWIGGY/ICIC/upiswiggy@/Payment--	TRANSFER TO 4692659162098	669.00	 	9,676.36
11 Jul 2021	11 Jul 2021	   BY TRANSFER-UPI/CR/119292944191/PRIYANKA/FDRL/7086788706/Payme--	TRANSFER FROM 4693723162099	 	260.00	9,936.36
11 Jul 2021	11 Jul 2021	   TO TRANSFER-UPI/DR/119211967942/KANGKAN /SBIN/kangkansar/UPI--	TRANSFER TO 4898930162097	200.00	 	9,736.36
12 Jul 2021	12 Jul 2021	   TO TRANSFER-UPI/DR/119350804897/PhonePe/YESB/EURONET@yb/Paymen--	TRANSFER TO 4692475162096	51.00	 	9,685.36
12 Jul 2021	12 Jul 2021	   BY TRANSFER-UPI/CR/119323570760/PhonePe/YESB/phonepemer/PhoneP--	TRANSFER FROM 5098922162092	 	51.00	9,736.36
12 Jul 2021	12 Jul 2021	   TO TRANSFER-UPI/DR/119311230670/PhonePe/YESB/EURONET@yb/Paymen--	TRANSFER TO 4692483162096	51.00	 	9,685.36
13 Jul 2021	13 Jul 2021	   TO TRANSFER-UPI/DR/119465879557/Bharti A/YESB/AIRTELPRED/Payme--	TRANSFER TO 4692489162090	49.00	 	9,636.36
13 Jul 2021	13 Jul 2021	   TO TRANSFER-UPI/DR/119468142992/PRASANNA/SBIN/8472831677/Payme--	TRANSFER TO 4693861162090	1,000.00	 	8,636.36
16 Jul 2021	16 Jul 2021	   TO TRANSFER-UPI/DR/119779188629/PhonePe/YESB/EURONET@yb/Paymen--	TRANSFER TO 5097901162094	51.00	 	8,585.36
17 Jul 2021	17 Jul 2021	   TO TRANSFER-UPI/DR/119876748130/PhonePe/YESB/EURONET@yb/Paymen--	TRANSFER TO 5097984162097	21.00	 	8,564.36
17 Jul 2021	17 Jul 2021	   TO TRANSFER-UPI/DR/119857667458/RICHARAN/SBIN/8135037576/Payme--	TRANSFER TO 4694310162090	500.00	 	8,064.36
17 Jul 2021	17 Jul 2021	   TO TRANSFER-UPI/DR/119891085685/Mr JITUL/CBIN/7002406726/Payme--	TRANSFER TO 4898913162099	110.00	 	7,954.36
18 Jul 2021	18 Jul 2021	   TO TRANSFER-UPI/DR/119938893933/ASHISH K/SBIN/7002339891/Payme--	TRANSFER TO 5099829162091	1,000.00	 	6,954.36
18 Jul 2021	18 Jul 2021	   BY TRANSFER-UPI/REV/119938893933--	TRANSFER FROM 5099829162091	 	1,000.00	7,954.36
18 Jul 2021	18 Jul 2021	   TO TRANSFER-UPI/DR/119988505100/ASHISH K/SBIN/7002339891/Payme--	TRANSFER TO 4694424162091	1,000.00	 	6,954.36
18 Jul 2021	18 Jul 2021	   TO TRANSFER-UPI/DR/119914742206/PhonePe/YESB/EURONET@yb/Paymen--	TRANSFER TO 4692686162096	11.00	 	6,943.36
19 Jul 2021	19 Jul 2021	   TO TRANSFER-UPI/DR/120001542296/razorpay/ICIC/razorpay@i/Payme--	TRANSFER TO 5097539162095	299.00	 	6,644.36
19 Jul 2021	19 Jul 2021	   TO TRANSFER-UPI/DR/120008939294/PhonePe/YESB/BILLDESKPP/Paymen--	TRANSFER TO 5097538162096	51.00	 	6,593.36
19 Jul 2021	19 Jul 2021	   TO TRANSFER-UPI/DR/120026081201/PhonePe/YESB/EURONET@yb/Paymen--	TRANSFER TO 5097531162093	51.00	 	6,542.36
21 Jul 2021	21 Jul 2021	   TO TRANSFER-UPI/DR/120201127456/REKHA  P/SBIN/9859552989/Payme--	TRANSFER TO 4694074162096	1,000.00	 	5,542.36
21 Jul 2021	21 Jul 2021	   TO TRANSFER-UPI/DR/120285990890/PhonePe/YESB/EURONET@yb/Paymen--	TRANSFER TO 4692554162096	249.00	 	5,293.36
21 Jul 2021	21 Jul 2021	   BY TRANSFER-UPI/CR/120286006764/REKHA  P/SBIN/9859552989/Payme--	TRANSFER FROM 4693418162097	 	250.00	5,543.36
22 Jul 2021	22 Jul 2021	   TO TRANSFER-UPI/DR/120314743316/ASHISH K/SBIN/7002339891/Payme--	TRANSFER TO 5097841162090	1,000.00	 	4,543.36
24 Jul 2021	24 Jul 2021	   TO TRANSFER-UPI/DR/120502845461/Swiggy/UTIB/swiggyupi@/Payment--	TRANSFER TO 5097995162094	215.00	 	4,328.36
24 Jul 2021	24 Jul 2021	   by debit card-OTHPG 120519223503ZOMATO Gurgaon        Gurgaon--		269.40	 	4,058.96
25 Jul 2021	25 Jul 2021	   TO TRANSFER-UPI/DR/120663889319/Zomato/HDFC/zomato@hdf/Payment--	TRANSFER TO 5098060162098	175.05	 	3,883.91
26 Jul 2021	26 Jul 2021	   TO TRANSFER-UPI/DR/120763514293/REKHA  P/SBIN/9859552989/Payme--	TRANSFER TO 4898799162095	500.00	 	3,383.91
26 Jul 2021	26 Jul 2021	   BY TRANSFER-UPI/CR/120745120154/REKHA  P/SBIN/9859552989/Payme--	TRANSFER FROM 5098213162098	 	500.00	3,883.91
26 Jul 2021	26 Jul 2021	   TO TRANSFER-UPI/DR/120777232901/Zomato M/HDFC/zomato1pay/Payme--	TRANSFER TO 4692444162092	129.00	 	3,754.91
27 Jul 2021	27 Jul 2021	   TO TRANSFER-UPI/DR/120837569609/ASHISH K/SBIN/7002339891/Payme--	TRANSFER TO 5099423162092	800.00	 	2,954.91
27 Jul 2021	27 Jul 2021	   TO TRANSFER-UPI/DR/120843925906/Taste Of/UTIB/gpay-11184/Payme--	TRANSFER TO 4692474162097	110.00	 	2,844.91
28 Jul 2021	28 Jul 2021	   BY TRANSFER-UPI/CR/120911354345/RAJESH  /SBIN/rajeshsinh/brkfs--	TRANSFER FROM 5098979162096	 	40.00	2,884.91
28 Jul 2021	28 Jul 2021	   TO TRANSFER-UPI/DR/120919382966/Taste Of/UTIB/gpay-11184/Payme--	TRANSFER TO 4692502162097	150.00	 	2,734.91
28 Jul 2021	28 Jul 2021	   BY TRANSFER-UPI/CR/120949759303/MD ERIQ /PYTM/7896119501/Payme--	TRANSFER FROM 5098981162092	 	100.00	2,834.91
28 Jul 2021	28 Jul 2021	   TO TRANSFER-UPI/DR/120942329620/PhonePe/YESB/BILLDESKPP/Paymen--	TRANSFER TO 4692511162097	21.00	 	2,813.91
29 Jul 2021	29 Jul 2021	   TO TRANSFER-UPI/DR/121003243772/ASHISH K/SBIN/7002339891/Payme--	TRANSFER TO 4694142162090	100.00	 	2,713.91
29 Jul 2021	29 Jul 2021	   TO TRANSFER-UPI/DR/121063763578/ASHISH K/SBIN/7002339891/Payme--	TRANSFER TO 4694110162097	37.00	 	2,676.91

**This is a computer generated statement and does not require a signature

